%YAML 1.1
%TAG !u! tag:unity3d.com,2011:
--- !u!29 &1
SceneSettings:
  m_ObjectHideFlags: 0
  m_PVSData: 
  m_PVSObjectsArray: []
  m_PVSPortalsArray: []
  m_OcclusionBakeSettings:
    smallestOccluder: 5
    smallestHole: .25
    backfaceThreshold: 100
--- !u!104 &2
RenderSettings:
  m_Fog: 0
  m_FogColor: {r: .5, g: .5, b: .5, a: 1}
  m_FogMode: 3
  m_FogDensity: .00999999978
  m_LinearFogStart: 0
  m_LinearFogEnd: 300
  m_AmbientLight: {r: .200000003, g: .200000003, b: .200000003, a: 1}
  m_SkyboxMaterial: {fileID: 0}
  m_HaloStrength: .5
  m_FlareStrength: 1
  m_FlareFadeSpeed: 3
  m_HaloTexture: {fileID: 0}
  m_SpotCookie: {fileID: 0}
  m_ObjectHideFlags: 0
--- !u!127 &3
LevelGameManager:
  m_ObjectHideFlags: 0
--- !u!157 &4
LightmapSettings:
  m_ObjectHideFlags: 0
  m_LightProbes: {fileID: 0}
  m_Lightmaps: []
  m_LightmapsMode: 1
  m_BakedColorSpace: 0
  m_UseDualLightmapsInForward: 0
  m_LightmapEditorSettings:
    m_Resolution: 50
    m_LastUsedResolution: 0
    m_TextureWidth: 1024
    m_TextureHeight: 1024
    m_BounceBoost: 1
    m_BounceIntensity: 1
    m_SkyLightColor: {r: .860000014, g: .930000007, b: 1, a: 1}
    m_SkyLightIntensity: 0
    m_Quality: 0
    m_Bounces: 1
    m_FinalGatherRays: 1000
    m_FinalGatherContrastThreshold: .0500000007
    m_FinalGatherGradientThreshold: 0
    m_FinalGatherInterpolationPoints: 15
    m_AOAmount: 0
    m_AOMaxDistance: .100000001
    m_AOContrast: 1
    m_LODSurfaceMappingDistance: 1
    m_Padding: 0
    m_TextureCompression: 0
    m_LockAtlas: 0
--- !u!196 &5
NavMeshSettings:
  m_ObjectHideFlags: 0
  m_BuildSettings:
    agentRadius: .5
    agentHeight: 2
    agentSlope: 45
    agentClimb: .400000006
    ledgeDropHeight: 0
    maxJumpAcrossDistance: 0
    accuratePlacement: 0
    minRegionArea: 2
    widthInaccuracy: 16.666666
    heightInaccuracy: 10
  m_NavMesh: {fileID: 19400000, guid: 2b9aff1ca24621a488ea86739cc8c52b, type: 2}
--- !u!1 &1826244
GameObject:
  m_ObjectHideFlags: 0
  m_PrefabParentObject: {fileID: 100000, guid: 9485b0c79d11e2e4d0007da98d76c639, type: 2}
  m_PrefabInternal: {fileID: 1651525614}
  serializedVersion: 4
  m_Component:
  - 4: {fileID: 1826248}
  - 33: {fileID: 1826247}
  - 23: {fileID: 1826246}
  - 114: {fileID: 1826245}
  m_Layer: 4
  m_Name: Daylight Simple Water
  m_TagString: Untagged
  m_Icon: {fileID: 0}
  m_NavMeshLayer: 0
  m_StaticEditorFlags: 0
  m_IsActive: 1
--- !u!114 &1826245
MonoBehaviour:
  m_ObjectHideFlags: 0
  m_PrefabParentObject: {fileID: 0}
  m_PrefabInternal: {fileID: 0}
  m_GameObject: {fileID: 1826244}
  m_Enabled: 1
  m_EditorHideFlags: 0
  m_Script: {fileID: 11500000, guid: 2b4cc1e9e5445459eb7e349923986670, type: 3}
  m_Name: 
  m_EditorClassIdentifier: 
  m_SpeedU: .0500000007
  m_SpeedV: -.0500000007
--- !u!23 &1826246
Renderer:
  m_ObjectHideFlags: 0
  m_PrefabParentObject: {fileID: 2300000, guid: 9485b0c79d11e2e4d0007da98d76c639,
    type: 2}
  m_PrefabInternal: {fileID: 1651525614}
  m_GameObject: {fileID: 1826244}
  m_Enabled: 1
  m_CastShadows: 0
  m_ReceiveShadows: 0
  m_LightmapIndex: 255
  m_LightmapTilingOffset: {x: 1, y: 1, z: 0, w: 0}
  m_Materials:
  - {fileID: 2100000, guid: 1b416656ba6ed4b2ca660ed69aa23234, type: 2}
  m_SubsetIndices: 
  m_StaticBatchRoot: {fileID: 0}
  m_UseLightProbes: 0
  m_LightProbeAnchor: {fileID: 0}
  m_ScaleInLightmap: 1
  m_SortingLayerID: 0
  m_SortingOrder: 0
--- !u!33 &1826247
MeshFilter:
  m_ObjectHideFlags: 0
  m_PrefabParentObject: {fileID: 3300000, guid: 9485b0c79d11e2e4d0007da98d76c639,
    type: 2}
  m_PrefabInternal: {fileID: 1651525614}
  m_GameObject: {fileID: 1826244}
  m_Mesh: {fileID: 4300006, guid: ce8d79c79d11b8f9d00076e98d76c639, type: 3}
--- !u!4 &1826248
Transform:
  m_ObjectHideFlags: 0
  m_PrefabParentObject: {fileID: 400000, guid: 9485b0c79d11e2e4d0007da98d76c639, type: 2}
  m_PrefabInternal: {fileID: 1651525614}
  m_GameObject: {fileID: 1826244}
  m_LocalRotation: {x: 0, y: 0, z: 0, w: 1}
  m_LocalPosition: {x: 83.5999985, y: -.400000006, z: 45.9000015}
  m_LocalScale: {x: 20, y: 1, z: 20}
  m_Children: []
  m_Father: {fileID: 0}
  m_RootOrder: 1
--- !u!1 &14695159
GameObject:
  m_ObjectHideFlags: 0
  m_PrefabParentObject: {fileID: 0}
  m_PrefabInternal: {fileID: 0}
  serializedVersion: 4
  m_Component:
  - 4: {fileID: 14695163}
  - 33: {fileID: 14695162}
  - 65: {fileID: 14695161}
  - 23: {fileID: 14695160}
  m_Layer: 2
  m_Name: Path5
  m_TagString: Untagged
  m_Icon: {fileID: 0}
  m_NavMeshLayer: 0
  m_StaticEditorFlags: 4294967295
  m_IsActive: 1
--- !u!23 &14695160
Renderer:
  m_ObjectHideFlags: 0
  m_PrefabParentObject: {fileID: 0}
  m_PrefabInternal: {fileID: 0}
  m_GameObject: {fileID: 14695159}
  m_Enabled: 1
  m_CastShadows: 1
  m_ReceiveShadows: 1
  m_LightmapIndex: 255
  m_LightmapTilingOffset: {x: 1, y: 1, z: 0, w: 0}
  m_Materials:
  - {fileID: 2100000, guid: 1ed7afd92c219f3409a3d3c98a7790a6, type: 2}
  m_SubsetIndices: 
  m_StaticBatchRoot: {fileID: 0}
  m_UseLightProbes: 0
  m_LightProbeAnchor: {fileID: 0}
  m_ScaleInLightmap: 1
  m_SortingLayerID: 0
  m_SortingOrder: 0
--- !u!65 &14695161
BoxCollider:
  m_ObjectHideFlags: 0
  m_PrefabParentObject: {fileID: 0}
  m_PrefabInternal: {fileID: 0}
  m_GameObject: {fileID: 14695159}
  m_Material: {fileID: 0}
  m_IsTrigger: 0
  m_Enabled: 1
  serializedVersion: 2
  m_Size: {x: 1, y: 1, z: 1}
  m_Center: {x: 0, y: 0, z: 0}
--- !u!33 &14695162
MeshFilter:
  m_ObjectHideFlags: 0
  m_PrefabParentObject: {fileID: 0}
  m_PrefabInternal: {fileID: 0}
  m_GameObject: {fileID: 14695159}
  m_Mesh: {fileID: 10202, guid: 0000000000000000e000000000000000, type: 0}
--- !u!4 &14695163
Transform:
  m_ObjectHideFlags: 0
  m_PrefabParentObject: {fileID: 0}
  m_PrefabInternal: {fileID: 0}
  m_GameObject: {fileID: 14695159}
  m_LocalRotation: {x: 0, y: 0, z: 0, w: 1}
  m_LocalPosition: {x: -55.5928574, y: -5.07759476, z: 2.71084976}
  m_LocalScale: {x: 10, y: .00100000005, z: 30}
  m_Children: []
  m_Father: {fileID: 658380806}
  m_RootOrder: 10
--- !u!1 &76173096
GameObject:
  m_ObjectHideFlags: 0
  m_PrefabParentObject: {fileID: 100000, guid: 8e41f14c6552d48e6a7992aaecc808e4, type: 3}
  m_PrefabInternal: {fileID: 1317520955}
  serializedVersion: 4
  m_Component:
  - 4: {fileID: 76173100}
  - 33: {fileID: 76173099}
  - 23: {fileID: 76173098}
  - 95: {fileID: 76173097}
  m_Layer: 0
  m_Name: RockMesh
  m_TagString: Untagged
  m_Icon: {fileID: 0}
  m_NavMeshLayer: 0
  m_StaticEditorFlags: 0
  m_IsActive: 1
--- !u!95 &76173097
Animator:
  serializedVersion: 3
  m_ObjectHideFlags: 0
  m_PrefabParentObject: {fileID: 9500000, guid: 8e41f14c6552d48e6a7992aaecc808e4,
    type: 3}
  m_PrefabInternal: {fileID: 1317520955}
  m_GameObject: {fileID: 76173096}
  m_Enabled: 1
  m_Avatar: {fileID: 9000000, guid: 8e41f14c6552d48e6a7992aaecc808e4, type: 3}
  m_Controller: {fileID: 0}
  m_CullingMode: 0
  m_UpdateMode: 0
  m_ApplyRootMotion: 1
  m_HasTransformHierarchy: 1
  m_AllowConstantClipSamplingOptimization: 1
--- !u!23 &76173098
Renderer:
  m_ObjectHideFlags: 0
  m_PrefabParentObject: {fileID: 2300000, guid: 8e41f14c6552d48e6a7992aaecc808e4,
    type: 3}
  m_PrefabInternal: {fileID: 1317520955}
  m_GameObject: {fileID: 76173096}
  m_Enabled: 1
  m_CastShadows: 1
  m_ReceiveShadows: 1
  m_LightmapIndex: 255
  m_LightmapTilingOffset: {x: 1, y: 1, z: 0, w: 0}
  m_Materials:
  - {fileID: 2100000, guid: a99d9601d480f0149b463f4caec2ca45, type: 2}
  m_SubsetIndices: 
  m_StaticBatchRoot: {fileID: 0}
  m_UseLightProbes: 0
  m_LightProbeAnchor: {fileID: 0}
  m_ScaleInLightmap: 1
  m_SortingLayerID: 0
  m_SortingOrder: 0
--- !u!33 &76173099
MeshFilter:
  m_ObjectHideFlags: 0
  m_PrefabParentObject: {fileID: 3300000, guid: 8e41f14c6552d48e6a7992aaecc808e4,
    type: 3}
  m_PrefabInternal: {fileID: 1317520955}
  m_GameObject: {fileID: 76173096}
  m_Mesh: {fileID: 4300000, guid: 8e41f14c6552d48e6a7992aaecc808e4, type: 3}
--- !u!4 &76173100
Transform:
  m_ObjectHideFlags: 0
  m_PrefabParentObject: {fileID: 400000, guid: 8e41f14c6552d48e6a7992aaecc808e4, type: 3}
  m_PrefabInternal: {fileID: 1317520955}
  m_GameObject: {fileID: 76173096}
  m_LocalRotation: {x: 0, y: -0, z: -0, w: 1}
  m_LocalPosition: {x: 19.6159821, y: .200000003, z: 22.047121}
  m_LocalScale: {x: 1, y: 1, z: 1}
  m_Children: []
  m_Father: {fileID: 0}
  m_RootOrder: 2
--- !u!1 &406085348
GameObject:
  m_ObjectHideFlags: 0
  m_PrefabParentObject: {fileID: 0}
  m_PrefabInternal: {fileID: 0}
  serializedVersion: 4
  m_Component:
  - 4: {fileID: 406085350}
  - 108: {fileID: 406085349}
  m_Layer: 0
  m_Name: Directional light
  m_TagString: Untagged
  m_Icon: {fileID: 0}
  m_NavMeshLayer: 0
  m_StaticEditorFlags: 0
  m_IsActive: 1
--- !u!108 &406085349
Light:
  m_ObjectHideFlags: 0
  m_PrefabParentObject: {fileID: 0}
  m_PrefabInternal: {fileID: 0}
  m_GameObject: {fileID: 406085348}
  m_Enabled: 1
  serializedVersion: 3
  m_Type: 1
  m_Color: {r: 1, g: 1, b: 1, a: 1}
  m_Intensity: .5
  m_Range: 10
  m_SpotAngle: 30
  m_CookieSize: 10
  m_Shadows:
    m_Type: 0
    m_Resolution: -1
    m_Strength: 1
    m_Bias: .0500000007
    m_Softness: 4
    m_SoftnessFade: 1
  m_Cookie: {fileID: 0}
  m_DrawHalo: 0
  m_ActuallyLightmapped: 0
  m_Flare: {fileID: 0}
  m_RenderMode: 0
  m_CullingMask:
    serializedVersion: 2
    m_Bits: 4294967295
  m_Lightmapping: 1
  m_ShadowSamples: 1
  m_ShadowRadius: 0
  m_ShadowAngle: 0
  m_IndirectIntensity: 1
  m_AreaSize: {x: 1, y: 1}
--- !u!4 &406085350
Transform:
  m_ObjectHideFlags: 0
  m_PrefabParentObject: {fileID: 0}
  m_PrefabInternal: {fileID: 0}
  m_GameObject: {fileID: 406085348}
  m_LocalRotation: {x: .254887015, y: .16773127, z: -.0449434593, w: .951251268}
  m_LocalPosition: {x: -87.3000031, y: 11.8000002, z: -110.5}
  m_LocalScale: {x: 1, y: 1, z: 1}
  m_Children: []
  m_Father: {fileID: 0}
  m_RootOrder: 8
--- !u!1001 &465169835
Prefab:
  m_ObjectHideFlags: 0
  serializedVersion: 2
  m_Modification:
    m_TransformParent: {fileID: 0}
    m_Modifications:
    - target: {fileID: 400000, guid: 6bfe651609b0c3348a378b88ef4f4a0d, type: 3}
      propertyPath: m_LocalPosition.x
      value: 98.4000015
      objectReference: {fileID: 0}
    - target: {fileID: 400000, guid: 6bfe651609b0c3348a378b88ef4f4a0d, type: 3}
      propertyPath: m_LocalPosition.y
      value: -.300000012
      objectReference: {fileID: 0}
    - target: {fileID: 400000, guid: 6bfe651609b0c3348a378b88ef4f4a0d, type: 3}
      propertyPath: m_LocalPosition.z
      value: 119.699997
      objectReference: {fileID: 0}
    - target: {fileID: 400000, guid: 6bfe651609b0c3348a378b88ef4f4a0d, type: 3}
      propertyPath: m_LocalRotation.x
      value: .297777534
      objectReference: {fileID: 0}
    - target: {fileID: 400000, guid: 6bfe651609b0c3348a378b88ef4f4a0d, type: 3}
      propertyPath: m_LocalRotation.y
      value: .641349137
      objectReference: {fileID: 0}
    - target: {fileID: 400000, guid: 6bfe651609b0c3348a378b88ef4f4a0d, type: 3}
      propertyPath: m_LocalRotation.z
      value: .641348958
      objectReference: {fileID: 0}
    - target: {fileID: 400000, guid: 6bfe651609b0c3348a378b88ef4f4a0d, type: 3}
      propertyPath: m_LocalRotation.w
      value: -.297777534
      objectReference: {fileID: 0}
    - target: {fileID: 400000, guid: 6bfe651609b0c3348a378b88ef4f4a0d, type: 3}
      propertyPath: m_RootOrder
      value: 1
      objectReference: {fileID: 0}
    - target: {fileID: 400000, guid: 6bfe651609b0c3348a378b88ef4f4a0d, type: 3}
      propertyPath: m_LocalScale.x
      value: 2
      objectReference: {fileID: 0}
    - target: {fileID: 400000, guid: 6bfe651609b0c3348a378b88ef4f4a0d, type: 3}
      propertyPath: m_LocalScale.y
      value: 2
      objectReference: {fileID: 0}
    - target: {fileID: 400000, guid: 6bfe651609b0c3348a378b88ef4f4a0d, type: 3}
      propertyPath: m_LocalScale.z
      value: 2
      objectReference: {fileID: 0}
    - target: {fileID: 100000, guid: 6bfe651609b0c3348a378b88ef4f4a0d, type: 3}
      propertyPath: m_StaticEditorFlags
      value: 4294967295
      objectReference: {fileID: 0}
    m_RemovedComponents: []
  m_ParentPrefab: {fileID: 100100000, guid: 6bfe651609b0c3348a378b88ef4f4a0d, type: 3}
  m_RootGameObject: {fileID: 2034698140}
  m_IsPrefabParent: 0
  m_IsExploded: 1
--- !u!1 &475598088
GameObject:
  m_ObjectHideFlags: 0
  m_PrefabParentObject: {fileID: 0}
  m_PrefabInternal: {fileID: 0}
  serializedVersion: 4
  m_Component:
  - 4: {fileID: 475598092}
  - 33: {fileID: 475598091}
  - 65: {fileID: 475598090}
  - 23: {fileID: 475598089}
  m_Layer: 2
  m_Name: Path2
  m_TagString: Untagged
  m_Icon: {fileID: 0}
  m_NavMeshLayer: 0
  m_StaticEditorFlags: 4294967295
  m_IsActive: 1
--- !u!23 &475598089
Renderer:
  m_ObjectHideFlags: 0
  m_PrefabParentObject: {fileID: 0}
  m_PrefabInternal: {fileID: 0}
  m_GameObject: {fileID: 475598088}
  m_Enabled: 1
  m_CastShadows: 1
  m_ReceiveShadows: 1
  m_LightmapIndex: 255
  m_LightmapTilingOffset: {x: 1, y: 1, z: 0, w: 0}
  m_Materials:
  - {fileID: 2100000, guid: 1ed7afd92c219f3409a3d3c98a7790a6, type: 2}
  m_SubsetIndices: 
  m_StaticBatchRoot: {fileID: 0}
  m_UseLightProbes: 0
  m_LightProbeAnchor: {fileID: 0}
  m_ScaleInLightmap: 1
  m_SortingLayerID: 0
  m_SortingOrder: 0
--- !u!65 &475598090
BoxCollider:
  m_ObjectHideFlags: 0
  m_PrefabParentObject: {fileID: 0}
  m_PrefabInternal: {fileID: 0}
  m_GameObject: {fileID: 475598088}
  m_Material: {fileID: 0}
  m_IsTrigger: 0
  m_Enabled: 1
  serializedVersion: 2
  m_Size: {x: 1, y: 1, z: 1}
  m_Center: {x: 0, y: 0, z: 0}
--- !u!33 &475598091
MeshFilter:
  m_ObjectHideFlags: 0
  m_PrefabParentObject: {fileID: 0}
  m_PrefabInternal: {fileID: 0}
  m_GameObject: {fileID: 475598088}
  m_Mesh: {fileID: 10202, guid: 0000000000000000e000000000000000, type: 0}
--- !u!4 &475598092
Transform:
  m_ObjectHideFlags: 0
  m_PrefabParentObject: {fileID: 0}
  m_PrefabInternal: {fileID: 0}
  m_GameObject: {fileID: 475598088}
  m_LocalRotation: {x: 0, y: 0, z: 0, w: 1}
  m_LocalPosition: {x: -40.5928574, y: -5.07759476, z: -27.2891502}
  m_LocalScale: {x: 40, y: .00100000005, z: 10}
  m_Children: []
  m_Father: {fileID: 658380806}
  m_RootOrder: 7
--- !u!1 &485495985
GameObject:
  m_ObjectHideFlags: 0
  m_PrefabParentObject: {fileID: 0}
  m_PrefabInternal: {fileID: 0}
  serializedVersion: 4
  m_Component:
  - 4: {fileID: 485495989}
  - 33: {fileID: 485495988}
  - 65: {fileID: 485495987}
  - 23: {fileID: 485495986}
  m_Layer: 2
  m_Name: Path8
  m_TagString: Untagged
  m_Icon: {fileID: 0}
  m_NavMeshLayer: 0
  m_StaticEditorFlags: 4294967295
  m_IsActive: 1
--- !u!23 &485495986
Renderer:
  m_ObjectHideFlags: 0
  m_PrefabParentObject: {fileID: 0}
  m_PrefabInternal: {fileID: 0}
  m_GameObject: {fileID: 485495985}
  m_Enabled: 1
  m_CastShadows: 1
  m_ReceiveShadows: 1
  m_LightmapIndex: 255
  m_LightmapTilingOffset: {x: 1, y: 1, z: 0, w: 0}
  m_Materials:
  - {fileID: 2100000, guid: 1ed7afd92c219f3409a3d3c98a7790a6, type: 2}
  m_SubsetIndices: 
  m_StaticBatchRoot: {fileID: 0}
  m_UseLightProbes: 0
  m_LightProbeAnchor: {fileID: 0}
  m_ScaleInLightmap: 1
  m_SortingLayerID: 0
  m_SortingOrder: 0
--- !u!65 &485495987
BoxCollider:
  m_ObjectHideFlags: 0
  m_PrefabParentObject: {fileID: 0}
  m_PrefabInternal: {fileID: 0}
  m_GameObject: {fileID: 485495985}
  m_Material: {fileID: 0}
  m_IsTrigger: 0
  m_Enabled: 1
  serializedVersion: 2
  m_Size: {x: 1, y: 1, z: 1}
  m_Center: {x: 0, y: 0, z: 0}
--- !u!33 &485495988
MeshFilter:
  m_ObjectHideFlags: 0
  m_PrefabParentObject: {fileID: 0}
  m_PrefabInternal: {fileID: 0}
  m_GameObject: {fileID: 485495985}
  m_Mesh: {fileID: 10202, guid: 0000000000000000e000000000000000, type: 0}
--- !u!4 &485495989
Transform:
  m_ObjectHideFlags: 0
  m_PrefabParentObject: {fileID: 0}
  m_PrefabInternal: {fileID: 0}
  m_GameObject: {fileID: 485495985}
  m_LocalRotation: {x: 0, y: 0, z: 0, w: 1}
  m_LocalPosition: {x: -35.5928574, y: -5.07759476, z: 42.7108498}
  m_LocalScale: {x: 70, y: .00100000005, z: 10}
  m_Children: []
  m_Father: {fileID: 658380806}
  m_RootOrder: 2
--- !u!1 &598887908
GameObject:
  m_ObjectHideFlags: 0
  m_PrefabParentObject: {fileID: 100000, guid: 8e41f14c6552d48e6a7992aaecc808e4, type: 3}
  m_PrefabInternal: {fileID: 865243571}
  serializedVersion: 4
  m_Component:
  - 4: {fileID: 598887912}
  - 33: {fileID: 598887911}
  - 23: {fileID: 598887910}
  - 95: {fileID: 598887909}
  m_Layer: 0
  m_Name: RockMesh
  m_TagString: Untagged
  m_Icon: {fileID: 0}
  m_NavMeshLayer: 0
  m_StaticEditorFlags: 0
  m_IsActive: 1
--- !u!95 &598887909
Animator:
  serializedVersion: 3
  m_ObjectHideFlags: 0
  m_PrefabParentObject: {fileID: 9500000, guid: 8e41f14c6552d48e6a7992aaecc808e4,
    type: 3}
  m_PrefabInternal: {fileID: 865243571}
  m_GameObject: {fileID: 598887908}
  m_Enabled: 1
  m_Avatar: {fileID: 9000000, guid: 8e41f14c6552d48e6a7992aaecc808e4, type: 3}
  m_Controller: {fileID: 0}
  m_CullingMode: 0
  m_UpdateMode: 0
  m_ApplyRootMotion: 1
  m_HasTransformHierarchy: 1
  m_AllowConstantClipSamplingOptimization: 1
--- !u!23 &598887910
Renderer:
  m_ObjectHideFlags: 0
  m_PrefabParentObject: {fileID: 2300000, guid: 8e41f14c6552d48e6a7992aaecc808e4,
    type: 3}
  m_PrefabInternal: {fileID: 865243571}
  m_GameObject: {fileID: 598887908}
  m_Enabled: 1
  m_CastShadows: 1
  m_ReceiveShadows: 1
  m_LightmapIndex: 255
  m_LightmapTilingOffset: {x: 1, y: 1, z: 0, w: 0}
  m_Materials:
  - {fileID: 2100000, guid: a99d9601d480f0149b463f4caec2ca45, type: 2}
  m_SubsetIndices: 
  m_StaticBatchRoot: {fileID: 0}
  m_UseLightProbes: 0
  m_LightProbeAnchor: {fileID: 0}
  m_ScaleInLightmap: 1
  m_SortingLayerID: 0
  m_SortingOrder: 0
--- !u!33 &598887911
MeshFilter:
  m_ObjectHideFlags: 0
  m_PrefabParentObject: {fileID: 3300000, guid: 8e41f14c6552d48e6a7992aaecc808e4,
    type: 3}
  m_PrefabInternal: {fileID: 865243571}
  m_GameObject: {fileID: 598887908}
  m_Mesh: {fileID: 4300000, guid: 8e41f14c6552d48e6a7992aaecc808e4, type: 3}
--- !u!4 &598887912
Transform:
  m_ObjectHideFlags: 0
  m_PrefabParentObject: {fileID: 400000, guid: 8e41f14c6552d48e6a7992aaecc808e4, type: 3}
  m_PrefabInternal: {fileID: 865243571}
  m_GameObject: {fileID: 598887908}
  m_LocalRotation: {x: 0, y: -0, z: -0, w: 1}
  m_LocalPosition: {x: 38.9000015, y: .200000003, z: 73.9000015}
  m_LocalScale: {x: 1, y: 1, z: 1}
  m_Children: []
  m_Father: {fileID: 0}
  m_RootOrder: 5
--- !u!1 &620552160
GameObject:
  m_ObjectHideFlags: 0
  m_PrefabParentObject: {fileID: 100000, guid: 8e41f14c6552d48e6a7992aaecc808e4, type: 3}
  m_PrefabInternal: {fileID: 1994583139}
  serializedVersion: 4
  m_Component:
  - 4: {fileID: 620552164}
  - 33: {fileID: 620552163}
  - 23: {fileID: 620552162}
  - 95: {fileID: 620552161}
  m_Layer: 0
  m_Name: RockMesh
  m_TagString: Untagged
  m_Icon: {fileID: 0}
  m_NavMeshLayer: 0
  m_StaticEditorFlags: 0
  m_IsActive: 1
--- !u!95 &620552161
Animator:
  serializedVersion: 3
  m_ObjectHideFlags: 0
  m_PrefabParentObject: {fileID: 9500000, guid: 8e41f14c6552d48e6a7992aaecc808e4,
    type: 3}
  m_PrefabInternal: {fileID: 1994583139}
  m_GameObject: {fileID: 620552160}
  m_Enabled: 1
  m_Avatar: {fileID: 9000000, guid: 8e41f14c6552d48e6a7992aaecc808e4, type: 3}
  m_Controller: {fileID: 0}
  m_CullingMode: 0
  m_UpdateMode: 0
  m_ApplyRootMotion: 1
  m_HasTransformHierarchy: 1
  m_AllowConstantClipSamplingOptimization: 1
--- !u!23 &620552162
Renderer:
  m_ObjectHideFlags: 0
  m_PrefabParentObject: {fileID: 2300000, guid: 8e41f14c6552d48e6a7992aaecc808e4,
    type: 3}
  m_PrefabInternal: {fileID: 1994583139}
  m_GameObject: {fileID: 620552160}
  m_Enabled: 1
  m_CastShadows: 1
  m_ReceiveShadows: 1
  m_LightmapIndex: 255
  m_LightmapTilingOffset: {x: 1, y: 1, z: 0, w: 0}
  m_Materials:
  - {fileID: 2100000, guid: a99d9601d480f0149b463f4caec2ca45, type: 2}
  m_SubsetIndices: 
  m_StaticBatchRoot: {fileID: 0}
  m_UseLightProbes: 0
  m_LightProbeAnchor: {fileID: 0}
  m_ScaleInLightmap: 1
  m_SortingLayerID: 0
  m_SortingOrder: 0
--- !u!33 &620552163
MeshFilter:
  m_ObjectHideFlags: 0
  m_PrefabParentObject: {fileID: 3300000, guid: 8e41f14c6552d48e6a7992aaecc808e4,
    type: 3}
  m_PrefabInternal: {fileID: 1994583139}
  m_GameObject: {fileID: 620552160}
  m_Mesh: {fileID: 4300000, guid: 8e41f14c6552d48e6a7992aaecc808e4, type: 3}
--- !u!4 &620552164
Transform:
  m_ObjectHideFlags: 0
  m_PrefabParentObject: {fileID: 400000, guid: 8e41f14c6552d48e6a7992aaecc808e4, type: 3}
  m_PrefabInternal: {fileID: 1994583139}
  m_GameObject: {fileID: 620552160}
  m_LocalRotation: {x: 0, y: -0, z: -0, w: 1}
  m_LocalPosition: {x: 85.6297836, y: .200000003, z: 70.3753357}
  m_LocalScale: {x: 1, y: 1, z: 1}
  m_Children: []
  m_Father: {fileID: 0}
  m_RootOrder: 0
--- !u!1 &634754358
GameObject:
  m_ObjectHideFlags: 0
  m_PrefabParentObject: {fileID: 0}
  m_PrefabInternal: {fileID: 0}
  serializedVersion: 4
  m_Component:
  - 4: {fileID: 634754362}
  - 33: {fileID: 634754361}
  - 65: {fileID: 634754360}
  - 23: {fileID: 634754359}
  m_Layer: 2
  m_Name: Path6
  m_TagString: Untagged
  m_Icon: {fileID: 0}
  m_NavMeshLayer: 0
  m_StaticEditorFlags: 4294967295
  m_IsActive: 1
--- !u!23 &634754359
Renderer:
  m_ObjectHideFlags: 0
  m_PrefabParentObject: {fileID: 0}
  m_PrefabInternal: {fileID: 0}
  m_GameObject: {fileID: 634754358}
  m_Enabled: 1
  m_CastShadows: 1
  m_ReceiveShadows: 1
  m_LightmapIndex: 255
  m_LightmapTilingOffset: {x: 1, y: 1, z: 0, w: 0}
  m_Materials:
  - {fileID: 2100000, guid: 1ed7afd92c219f3409a3d3c98a7790a6, type: 2}
  m_SubsetIndices: 
  m_StaticBatchRoot: {fileID: 0}
  m_UseLightProbes: 0
  m_LightProbeAnchor: {fileID: 0}
  m_ScaleInLightmap: 1
  m_SortingLayerID: 0
  m_SortingOrder: 0
--- !u!65 &634754360
BoxCollider:
  m_ObjectHideFlags: 0
  m_PrefabParentObject: {fileID: 0}
  m_PrefabInternal: {fileID: 0}
  m_GameObject: {fileID: 634754358}
  m_Material: {fileID: 0}
  m_IsTrigger: 0
  m_Enabled: 1
  serializedVersion: 2
  m_Size: {x: 1, y: 1, z: 1}
  m_Center: {x: 0, y: 0, z: 0}
--- !u!33 &634754361
MeshFilter:
  m_ObjectHideFlags: 0
  m_PrefabParentObject: {fileID: 0}
  m_PrefabInternal: {fileID: 0}
  m_GameObject: {fileID: 634754358}
  m_Mesh: {fileID: 10202, guid: 0000000000000000e000000000000000, type: 0}
--- !u!4 &634754362
Transform:
  m_ObjectHideFlags: 0
  m_PrefabParentObject: {fileID: 0}
  m_PrefabInternal: {fileID: 0}
  m_GameObject: {fileID: 634754358}
  m_LocalRotation: {x: 0, y: 0, z: 0, w: 1}
  m_LocalPosition: {x: -70.5928574, y: -5.07759476, z: -7.28915024}
  m_LocalScale: {x: 20, y: .00100000005, z: 10}
  m_Children: []
  m_Father: {fileID: 658380806}
  m_RootOrder: 0
--- !u!1 &658380805
GameObject:
  m_ObjectHideFlags: 0
  m_PrefabParentObject: {fileID: 0}
  m_PrefabInternal: {fileID: 0}
  serializedVersion: 4
  m_Component:
  - 4: {fileID: 658380806}
  m_Layer: 0
  m_Name: Paths
  m_TagString: Untagged
  m_Icon: {fileID: 0}
  m_NavMeshLayer: 0
  m_StaticEditorFlags: 0
  m_IsActive: 1
--- !u!4 &658380806
Transform:
  m_ObjectHideFlags: 0
  m_PrefabParentObject: {fileID: 0}
  m_PrefabInternal: {fileID: 0}
  m_GameObject: {fileID: 658380805}
  m_LocalRotation: {x: 0, y: 0, z: 0, w: 1}
  m_LocalPosition: {x: 80.5928574, y: 5.07759476, z: 42.2891502}
  m_LocalScale: {x: 1, y: 1, z: 1}
  m_Children:
  - {fileID: 634754362}
  - {fileID: 2023715714}
  - {fileID: 485495989}
  - {fileID: 1089516816}
  - {fileID: 1500349001}
  - {fileID: 1352192329}
  - {fileID: 1636446525}
  - {fileID: 475598092}
  - {fileID: 1432126954}
  - {fileID: 832764564}
  - {fileID: 14695163}
  m_Father: {fileID: 0}
  m_RootOrder: 11
--- !u!1 &832764560
GameObject:
  m_ObjectHideFlags: 0
  m_PrefabParentObject: {fileID: 0}
  m_PrefabInternal: {fileID: 0}
  serializedVersion: 4
  m_Component:
  - 4: {fileID: 832764564}
  - 33: {fileID: 832764563}
  - 65: {fileID: 832764562}
  - 23: {fileID: 832764561}
  m_Layer: 2
  m_Name: Path4
  m_TagString: Untagged
  m_Icon: {fileID: 0}
  m_NavMeshLayer: 0
  m_StaticEditorFlags: 4294967295
  m_IsActive: 1
--- !u!23 &832764561
Renderer:
  m_ObjectHideFlags: 0
  m_PrefabParentObject: {fileID: 0}
  m_PrefabInternal: {fileID: 0}
  m_GameObject: {fileID: 832764560}
  m_Enabled: 1
  m_CastShadows: 1
  m_ReceiveShadows: 1
  m_LightmapIndex: 255
  m_LightmapTilingOffset: {x: 1, y: 1, z: 0, w: 0}
  m_Materials:
  - {fileID: 2100000, guid: 1ed7afd92c219f3409a3d3c98a7790a6, type: 2}
  m_SubsetIndices: 
  m_StaticBatchRoot: {fileID: 0}
  m_UseLightProbes: 0
  m_LightProbeAnchor: {fileID: 0}
  m_ScaleInLightmap: 1
  m_SortingLayerID: 0
  m_SortingOrder: 0
--- !u!65 &832764562
BoxCollider:
  m_ObjectHideFlags: 0
  m_PrefabParentObject: {fileID: 0}
  m_PrefabInternal: {fileID: 0}
  m_GameObject: {fileID: 832764560}
  m_Material: {fileID: 0}
  m_IsTrigger: 0
  m_Enabled: 1
  serializedVersion: 2
  m_Size: {x: 1, y: 1, z: 1}
  m_Center: {x: 0, y: 0, z: 0}
--- !u!33 &832764563
MeshFilter:
  m_ObjectHideFlags: 0
  m_PrefabParentObject: {fileID: 0}
  m_PrefabInternal: {fileID: 0}
  m_GameObject: {fileID: 832764560}
  m_Mesh: {fileID: 10202, guid: 0000000000000000e000000000000000, type: 0}
--- !u!4 &832764564
Transform:
  m_ObjectHideFlags: 0
  m_PrefabParentObject: {fileID: 0}
  m_PrefabInternal: {fileID: 0}
  m_GameObject: {fileID: 832764560}
  m_LocalRotation: {x: 0, y: 0, z: 0, w: 1}
  m_LocalPosition: {x: -45.5928574, y: -5.07759476, z: 22.7108498}
  m_LocalScale: {x: 30, y: .00100000005, z: 10}
  m_Children: []
  m_Father: {fileID: 658380806}
  m_RootOrder: 9
--- !u!1001 &865243571
Prefab:
  m_ObjectHideFlags: 0
  serializedVersion: 2
  m_Modification:
    m_TransformParent: {fileID: 0}
    m_Modifications:
    - target: {fileID: 400000, guid: 8e41f14c6552d48e6a7992aaecc808e4, type: 3}
      propertyPath: m_LocalPosition.x
      value: 38.9000015
      objectReference: {fileID: 0}
    - target: {fileID: 400000, guid: 8e41f14c6552d48e6a7992aaecc808e4, type: 3}
      propertyPath: m_LocalPosition.y
      value: .200000003
      objectReference: {fileID: 0}
    - target: {fileID: 400000, guid: 8e41f14c6552d48e6a7992aaecc808e4, type: 3}
      propertyPath: m_LocalPosition.z
      value: 73.9000015
      objectReference: {fileID: 0}
    - target: {fileID: 400000, guid: 8e41f14c6552d48e6a7992aaecc808e4, type: 3}
      propertyPath: m_LocalRotation.x
      value: 0
      objectReference: {fileID: 0}
    - target: {fileID: 400000, guid: 8e41f14c6552d48e6a7992aaecc808e4, type: 3}
      propertyPath: m_LocalRotation.y
      value: -0
      objectReference: {fileID: 0}
    - target: {fileID: 400000, guid: 8e41f14c6552d48e6a7992aaecc808e4, type: 3}
      propertyPath: m_LocalRotation.z
      value: -0
      objectReference: {fileID: 0}
    - target: {fileID: 400000, guid: 8e41f14c6552d48e6a7992aaecc808e4, type: 3}
      propertyPath: m_LocalRotation.w
      value: 1
      objectReference: {fileID: 0}
    - target: {fileID: 400000, guid: 8e41f14c6552d48e6a7992aaecc808e4, type: 3}
      propertyPath: m_RootOrder
      value: 4
      objectReference: {fileID: 0}
    m_RemovedComponents: []
  m_ParentPrefab: {fileID: 100100000, guid: 8e41f14c6552d48e6a7992aaecc808e4, type: 3}
  m_RootGameObject: {fileID: 598887908}
  m_IsPrefabParent: 0
  m_IsExploded: 1
--- !u!1 &1089516812
GameObject:
  m_ObjectHideFlags: 0
  m_PrefabParentObject: {fileID: 0}
  m_PrefabInternal: {fileID: 0}
  serializedVersion: 4
  m_Component:
  - 4: {fileID: 1089516816}
  - 33: {fileID: 1089516815}
  - 65: {fileID: 1089516814}
  - 23: {fileID: 1089516813}
  m_Layer: 2
  m_Name: Path9
  m_TagString: Untagged
  m_Icon: {fileID: 0}
  m_NavMeshLayer: 0
  m_StaticEditorFlags: 4294967295
  m_IsActive: 1
--- !u!23 &1089516813
Renderer:
  m_ObjectHideFlags: 0
  m_PrefabParentObject: {fileID: 0}
  m_PrefabInternal: {fileID: 0}
  m_GameObject: {fileID: 1089516812}
  m_Enabled: 1
  m_CastShadows: 1
  m_ReceiveShadows: 1
  m_LightmapIndex: 255
  m_LightmapTilingOffset: {x: 1, y: 1, z: 0, w: 0}
  m_Materials:
  - {fileID: 2100000, guid: 1ed7afd92c219f3409a3d3c98a7790a6, type: 2}
  m_SubsetIndices: 
  m_StaticBatchRoot: {fileID: 0}
  m_UseLightProbes: 0
  m_LightProbeAnchor: {fileID: 0}
  m_ScaleInLightmap: 1
  m_SortingLayerID: 0
  m_SortingOrder: 0
--- !u!65 &1089516814
BoxCollider:
  m_ObjectHideFlags: 0
  m_PrefabParentObject: {fileID: 0}
  m_PrefabInternal: {fileID: 0}
  m_GameObject: {fileID: 1089516812}
  m_Material: {fileID: 0}
  m_IsTrigger: 0
  m_Enabled: 1
  serializedVersion: 2
  m_Size: {x: 1, y: 1, z: 1}
  m_Center: {x: 0, y: 0, z: 0}
--- !u!33 &1089516815
MeshFilter:
  m_ObjectHideFlags: 0
  m_PrefabParentObject: {fileID: 0}
  m_PrefabInternal: {fileID: 0}
  m_GameObject: {fileID: 1089516812}
  m_Mesh: {fileID: 10202, guid: 0000000000000000e000000000000000, type: 0}
--- !u!4 &1089516816
Transform:
  m_ObjectHideFlags: 0
  m_PrefabParentObject: {fileID: 0}
  m_PrefabInternal: {fileID: 0}
  m_GameObject: {fileID: 1089516812}
  m_LocalRotation: {x: 0, y: 0, z: 0, w: 1}
  m_LocalPosition: {x: -7, y: -5.07759476, z: 7.71084976}
  m_LocalScale: {x: 8, y: .00100000005, z: 60}
  m_Children: []
  m_Father: {fileID: 658380806}
  m_RootOrder: 3
--- !u!1 &1097028509
GameObject:
  m_ObjectHideFlags: 0
  m_PrefabParentObject: {fileID: 0}
  m_PrefabInternal: {fileID: 0}
  serializedVersion: 4
  m_Component:
  - 4: {fileID: 1097028512}
  - 114: {fileID: 1097028511}
  - 154: {fileID: 1097028510}
  m_Layer: 0
  m_Name: Terrain
  m_TagString: Untagged
  m_Icon: {fileID: 0}
  m_NavMeshLayer: 0
  m_StaticEditorFlags: 0
  m_IsActive: 1
--- !u!154 &1097028510
TerrainCollider:
  m_ObjectHideFlags: 0
  m_PrefabParentObject: {fileID: 0}
  m_PrefabInternal: {fileID: 0}
  m_GameObject: {fileID: 1097028509}
  m_IsTrigger: 0
  m_Enabled: 1
  m_TerrainData: {fileID: 15600000, guid: 5b00ad03be926ae4a81f38e274b52fcb, type: 2}
  m_CreateTreeColliders: 1
--- !u!114 &1097028511
MonoBehaviour:
  m_ObjectHideFlags: 0
  m_PrefabParentObject: {fileID: 0}
  m_PrefabInternal: {fileID: 0}
  m_GameObject: {fileID: 1097028509}
  m_Enabled: 1
  m_EditorHideFlags: 1
  m_Script: {fileID: 12000, guid: 0000000000000000e000000000000000, type: 0}
  m_Name: 
  m_EditorClassIdentifier: 
  m_TerrainData: {fileID: 15600000, guid: 5b00ad03be926ae4a81f38e274b52fcb, type: 2}
  m_TreeDistance: 2000
  m_TreeBillboardDistance: 50
  m_TreeCrossFadeLength: 5
  m_TreeMaximumFullLODCount: 50
  m_DetailObjectDistance: 80
  m_DetailObjectDensity: 1
  m_HeightmapPixelError: 5
  m_SplatMapDistance: 1000
  m_HeightmapMaximumLOD: 0
  m_CastShadows: 1
  m_LightmapIndex: -1
  m_LightmapSize: 1024
  m_DrawTreesAndFoliage: 1
  m_CollectDetailPatches: 1
  m_MaterialTemplate: {fileID: 0}
--- !u!4 &1097028512
Transform:
  m_ObjectHideFlags: 0
  m_PrefabParentObject: {fileID: 0}
  m_PrefabInternal: {fileID: 0}
  m_GameObject: {fileID: 1097028509}
  m_LocalRotation: {x: 0, y: 0, z: 0, w: 1}
  m_LocalPosition: {x: -950, y: -6.19999981, z: -950}
  m_LocalScale: {x: .100000001, y: .100000001, z: .100000001}
  m_Children: []
  m_Father: {fileID: 0}
  m_RootOrder: 12
--- !u!1 &1133371637
GameObject:
  m_ObjectHideFlags: 0
  m_PrefabParentObject: {fileID: 0}
  m_PrefabInternal: {fileID: 0}
  serializedVersion: 4
  m_Component:
  - 4: {fileID: 1133371639}
  - 114: {fileID: 1133371638}
  m_Layer: 0
  m_Name: Spawn
  m_TagString: Untagged
  m_Icon: {fileID: -1003283189, guid: 0000000000000000d000000000000000, type: 0}
  m_NavMeshLayer: 0
  m_StaticEditorFlags: 0
  m_IsActive: 1
--- !u!114 &1133371638
MonoBehaviour:
  m_ObjectHideFlags: 0
  m_PrefabParentObject: {fileID: 0}
  m_PrefabInternal: {fileID: 0}
  m_GameObject: {fileID: 1133371637}
  m_Enabled: 1
  m_EditorHideFlags: 0
  m_Script: {fileID: 11500000, guid: d3d1021fef1410f45b56829329fbc9c3, type: 3}
  m_Name: 
  m_EditorClassIdentifier: 
  IntervalBetweenMonsters: 2
  IntervalBetweenWaves: 20
  Peasant: {fileID: 100004, guid: 3ae96da6bdc259345b9a524bd95a7780, type: 2}
  Archer: {fileID: 184274, guid: 00909dbae29cda640bcfd86c9805998c, type: 2}
  Boss: {fileID: 193570, guid: 8f66d6d1b42a8b142bbe7ae68c49b7ef, type: 2}
  destination: {fileID: 1478836345}
--- !u!4 &1133371639
Transform:
  m_ObjectHideFlags: 0
  m_PrefabParentObject: {fileID: 0}
  m_PrefabInternal: {fileID: 0}
  m_GameObject: {fileID: 1133371637}
  m_LocalRotation: {x: 0, y: 0, z: 0, w: 1}
  m_LocalPosition: {x: 15.3999996, y: 1, z: -46.2000008}
  m_LocalScale: {x: 1, y: 1, z: 1}
  m_Children: []
  m_Father: {fileID: 0}
  m_RootOrder: 9
--- !u!1001 &1315874232
Prefab:
  m_ObjectHideFlags: 0
  serializedVersion: 2
  m_Modification:
    m_TransformParent: {fileID: 0}
    m_Modifications:
    - target: {fileID: 400000, guid: 8e41f14c6552d48e6a7992aaecc808e4, type: 3}
      propertyPath: m_LocalPosition.x
      value: 67.3332977
      objectReference: {fileID: 0}
    - target: {fileID: 400000, guid: 8e41f14c6552d48e6a7992aaecc808e4, type: 3}
      propertyPath: m_LocalPosition.y
      value: .200000003
      objectReference: {fileID: 0}
    - target: {fileID: 400000, guid: 8e41f14c6552d48e6a7992aaecc808e4, type: 3}
      propertyPath: m_LocalPosition.z
      value: 21.0224972
      objectReference: {fileID: 0}
    - target: {fileID: 400000, guid: 8e41f14c6552d48e6a7992aaecc808e4, type: 3}
      propertyPath: m_LocalRotation.x
      value: 0
      objectReference: {fileID: 0}
    - target: {fileID: 400000, guid: 8e41f14c6552d48e6a7992aaecc808e4, type: 3}
      propertyPath: m_LocalRotation.y
      value: -0
      objectReference: {fileID: 0}
    - target: {fileID: 400000, guid: 8e41f14c6552d48e6a7992aaecc808e4, type: 3}
      propertyPath: m_LocalRotation.z
      value: -0
      objectReference: {fileID: 0}
    - target: {fileID: 400000, guid: 8e41f14c6552d48e6a7992aaecc808e4, type: 3}
      propertyPath: m_LocalRotation.w
      value: 1
      objectReference: {fileID: 0}
    - target: {fileID: 400000, guid: 8e41f14c6552d48e6a7992aaecc808e4, type: 3}
      propertyPath: m_RootOrder
      value: 0
      objectReference: {fileID: 0}
    m_RemovedComponents: []
  m_ParentPrefab: {fileID: 100100000, guid: 8e41f14c6552d48e6a7992aaecc808e4, type: 3}
  m_RootGameObject: {fileID: 1959589788}
  m_IsPrefabParent: 0
  m_IsExploded: 1
--- !u!1001 &1317520955
Prefab:
  m_ObjectHideFlags: 0
  serializedVersion: 2
  m_Modification:
    m_TransformParent: {fileID: 0}
    m_Modifications:
    - target: {fileID: 400000, guid: 8e41f14c6552d48e6a7992aaecc808e4, type: 3}
      propertyPath: m_LocalPosition.x
      value: 19.6159821
      objectReference: {fileID: 0}
    - target: {fileID: 400000, guid: 8e41f14c6552d48e6a7992aaecc808e4, type: 3}
      propertyPath: m_LocalPosition.y
      value: .200000003
      objectReference: {fileID: 0}
    - target: {fileID: 400000, guid: 8e41f14c6552d48e6a7992aaecc808e4, type: 3}
      propertyPath: m_LocalPosition.z
      value: 22.047121
      objectReference: {fileID: 0}
    - target: {fileID: 400000, guid: 8e41f14c6552d48e6a7992aaecc808e4, type: 3}
      propertyPath: m_LocalRotation.x
      value: 0
      objectReference: {fileID: 0}
    - target: {fileID: 400000, guid: 8e41f14c6552d48e6a7992aaecc808e4, type: 3}
      propertyPath: m_LocalRotation.y
      value: -0
      objectReference: {fileID: 0}
    - target: {fileID: 400000, guid: 8e41f14c6552d48e6a7992aaecc808e4, type: 3}
      propertyPath: m_LocalRotation.z
      value: -0
      objectReference: {fileID: 0}
    - target: {fileID: 400000, guid: 8e41f14c6552d48e6a7992aaecc808e4, type: 3}
      propertyPath: m_LocalRotation.w
      value: 1
      objectReference: {fileID: 0}
    - target: {fileID: 400000, guid: 8e41f14c6552d48e6a7992aaecc808e4, type: 3}
      propertyPath: m_RootOrder
      value: 0
      objectReference: {fileID: 0}
    m_RemovedComponents: []
  m_ParentPrefab: {fileID: 100100000, guid: 8e41f14c6552d48e6a7992aaecc808e4, type: 3}
  m_RootGameObject: {fileID: 76173096}
  m_IsPrefabParent: 0
  m_IsExploded: 1
--- !u!1 &1352192325
GameObject:
  m_ObjectHideFlags: 0
  m_PrefabParentObject: {fileID: 0}
  m_PrefabInternal: {fileID: 0}
  serializedVersion: 4
  m_Component:
  - 4: {fileID: 1352192329}
  - 33: {fileID: 1352192328}
  - 65: {fileID: 1352192327}
  - 23: {fileID: 1352192326}
  m_Layer: 2
  m_Name: Path11
  m_TagString: Untagged
  m_Icon: {fileID: 0}
  m_NavMeshLayer: 0
  m_StaticEditorFlags: 4294967295
  m_IsActive: 1
--- !u!23 &1352192326
Renderer:
  m_ObjectHideFlags: 0
  m_PrefabParentObject: {fileID: 0}
  m_PrefabInternal: {fileID: 0}
  m_GameObject: {fileID: 1352192325}
  m_Enabled: 1
  m_CastShadows: 1
  m_ReceiveShadows: 1
  m_LightmapIndex: 255
  m_LightmapTilingOffset: {x: 1, y: 1, z: 0, w: 0}
  m_Materials:
  - {fileID: 2100000, guid: 1ed7afd92c219f3409a3d3c98a7790a6, type: 2}
  m_SubsetIndices: 
  m_StaticBatchRoot: {fileID: 0}
  m_UseLightProbes: 0
  m_LightProbeAnchor: {fileID: 0}
  m_ScaleInLightmap: 1
  m_SortingLayerID: 0
  m_SortingOrder: 0
--- !u!65 &1352192327
BoxCollider:
  m_ObjectHideFlags: 0
  m_PrefabParentObject: {fileID: 0}
  m_PrefabInternal: {fileID: 0}
  m_GameObject: {fileID: 1352192325}
  m_Material: {fileID: 0}
  m_IsTrigger: 0
  m_Enabled: 1
  serializedVersion: 2
  m_Size: {x: 1, y: 1, z: 1}
  m_Center: {x: 0, y: 0, z: 0}
--- !u!33 &1352192328
MeshFilter:
  m_ObjectHideFlags: 0
  m_PrefabParentObject: {fileID: 0}
  m_PrefabInternal: {fileID: 0}
  m_GameObject: {fileID: 1352192325}
  m_Mesh: {fileID: 10202, guid: 0000000000000000e000000000000000, type: 0}
--- !u!4 &1352192329
Transform:
  m_ObjectHideFlags: 0
  m_PrefabParentObject: {fileID: 0}
  m_PrefabInternal: {fileID: 0}
  m_GameObject: {fileID: 1352192325}
  m_LocalRotation: {x: 0, y: 0, z: 0, w: 1}
  m_LocalPosition: {x: 14.4071398, y: -5.07759476, z: 31.7108498}
  m_LocalScale: {x: 10, y: .00100000005, z: 94}
  m_Children: []
  m_Father: {fileID: 658380806}
  m_RootOrder: 5
--- !u!1 &1432126950
GameObject:
  m_ObjectHideFlags: 0
  m_PrefabParentObject: {fileID: 0}
  m_PrefabInternal: {fileID: 0}
  serializedVersion: 4
  m_Component:
  - 4: {fileID: 1432126954}
  - 33: {fileID: 1432126953}
  - 65: {fileID: 1432126952}
  - 23: {fileID: 1432126951}
  m_Layer: 2
  m_Name: Path3
  m_TagString: Untagged
  m_Icon: {fileID: 0}
  m_NavMeshLayer: 0
  m_StaticEditorFlags: 4294967295
  m_IsActive: 1
--- !u!23 &1432126951
Renderer:
  m_ObjectHideFlags: 0
  m_PrefabParentObject: {fileID: 0}
  m_PrefabInternal: {fileID: 0}
  m_GameObject: {fileID: 1432126950}
  m_Enabled: 1
  m_CastShadows: 0
  m_ReceiveShadows: 0
  m_LightmapIndex: 255
  m_LightmapTilingOffset: {x: 1, y: 1, z: 0, w: 0}
  m_Materials:
  - {fileID: 2100000, guid: 1ed7afd92c219f3409a3d3c98a7790a6, type: 2}
  m_SubsetIndices: 
  m_StaticBatchRoot: {fileID: 0}
  m_UseLightProbes: 1
  m_LightProbeAnchor: {fileID: 0}
  m_ScaleInLightmap: 1
  m_SortingLayerID: 0
  m_SortingOrder: 0
--- !u!65 &1432126952
BoxCollider:
  m_ObjectHideFlags: 0
  m_PrefabParentObject: {fileID: 0}
  m_PrefabInternal: {fileID: 0}
  m_GameObject: {fileID: 1432126950}
  m_Material: {fileID: 0}
  m_IsTrigger: 0
  m_Enabled: 1
  serializedVersion: 2
  m_Size: {x: 1, y: 1, z: 1}
  m_Center: {x: 0, y: 0, z: 0}
--- !u!33 &1432126953
MeshFilter:
  m_ObjectHideFlags: 0
  m_PrefabParentObject: {fileID: 0}
  m_PrefabInternal: {fileID: 0}
  m_GameObject: {fileID: 1432126950}
  m_Mesh: {fileID: 10202, guid: 0000000000000000e000000000000000, type: 0}
--- !u!4 &1432126954
Transform:
  m_ObjectHideFlags: 0
  m_PrefabParentObject: {fileID: 0}
  m_PrefabInternal: {fileID: 0}
  m_GameObject: {fileID: 1432126950}
  m_LocalRotation: {x: 0, y: 0, z: 0, w: 1}
  m_LocalPosition: {x: -25.5928574, y: -5.07759476, z: 2.71084976}
  m_LocalScale: {x: 10, y: .00100000005, z: 50}
  m_Children: []
  m_Father: {fileID: 658380806}
  m_RootOrder: 8
--- !u!1 &1478836340
GameObject:
  m_ObjectHideFlags: 0
  m_PrefabParentObject: {fileID: 0}
  m_PrefabInternal: {fileID: 0}
  serializedVersion: 4
  m_Component:
  - 4: {fileID: 1478836345}
  - 33: {fileID: 1478836344}
  - 65: {fileID: 1478836343}
  - 23: {fileID: 1478836342}
  - 114: {fileID: 1478836341}
  m_Layer: 0
  m_Name: Shrine
  m_TagString: Untagged
  m_Icon: {fileID: 0}
  m_NavMeshLayer: 0
  m_StaticEditorFlags: 0
  m_IsActive: 1
--- !u!114 &1478836341
MonoBehaviour:
  m_ObjectHideFlags: 0
  m_PrefabParentObject: {fileID: 0}
  m_PrefabInternal: {fileID: 0}
  m_GameObject: {fileID: 1478836340}
  m_Enabled: 1
  m_EditorHideFlags: 0
  m_Script: {fileID: 11500000, guid: eb1b8edad7f6bc74493b1481d3625cff, type: 3}
  m_Name: 
  m_EditorClassIdentifier: 
--- !u!23 &1478836342
Renderer:
  m_ObjectHideFlags: 0
  m_PrefabParentObject: {fileID: 0}
  m_PrefabInternal: {fileID: 0}
  m_GameObject: {fileID: 1478836340}
  m_Enabled: 1
  m_CastShadows: 1
  m_ReceiveShadows: 1
  m_LightmapIndex: 255
  m_LightmapTilingOffset: {x: 1, y: 1, z: 0, w: 0}
  m_Materials:
  - {fileID: 2100000, guid: 1ed7afd92c219f3409a3d3c98a7790a6, type: 2}
  m_SubsetIndices: 
  m_StaticBatchRoot: {fileID: 0}
  m_UseLightProbes: 0
  m_LightProbeAnchor: {fileID: 0}
  m_ScaleInLightmap: 1
  m_SortingLayerID: 0
  m_SortingOrder: 0
--- !u!65 &1478836343
BoxCollider:
  m_ObjectHideFlags: 0
  m_PrefabParentObject: {fileID: 0}
  m_PrefabInternal: {fileID: 0}
  m_GameObject: {fileID: 1478836340}
  m_Material: {fileID: 0}
  m_IsTrigger: 0
  m_Enabled: 1
  serializedVersion: 2
  m_Size: {x: 1, y: 1, z: 1}
  m_Center: {x: 0, y: 0, z: 0}
--- !u!33 &1478836344
MeshFilter:
  m_ObjectHideFlags: 0
  m_PrefabParentObject: {fileID: 0}
  m_PrefabInternal: {fileID: 0}
  m_GameObject: {fileID: 1478836340}
  m_Mesh: {fileID: 10202, guid: 0000000000000000e000000000000000, type: 0}
--- !u!4 &1478836345
Transform:
  m_ObjectHideFlags: 0
  m_PrefabParentObject: {fileID: 0}
  m_PrefabInternal: {fileID: 0}
  m_GameObject: {fileID: 1478836340}
  m_LocalRotation: {x: 0, y: 0, z: 0, w: 1}
  m_LocalPosition: {x: 99.9000015, y: 4.30000019, z: 118.099998}
  m_LocalScale: {x: 5, y: 5, z: 1}
  m_Children: []
  m_Father: {fileID: 0}
  m_RootOrder: 10
--- !u!1 &1500348997
GameObject:
  m_ObjectHideFlags: 0
  m_PrefabParentObject: {fileID: 0}
  m_PrefabInternal: {fileID: 0}
  serializedVersion: 4
  m_Component:
  - 4: {fileID: 1500349001}
  - 33: {fileID: 1500349000}
  - 65: {fileID: 1500348999}
  - 23: {fileID: 1500348998}
  m_Layer: 2
  m_Name: Path10
  m_TagString: Untagged
  m_Icon: {fileID: 0}
  m_NavMeshLayer: 0
  m_StaticEditorFlags: 4294967295
  m_IsActive: 1
--- !u!23 &1500348998
Renderer:
  m_ObjectHideFlags: 0
  m_PrefabParentObject: {fileID: 0}
  m_PrefabInternal: {fileID: 0}
  m_GameObject: {fileID: 1500348997}
  m_Enabled: 1
  m_CastShadows: 1
  m_ReceiveShadows: 1
  m_LightmapIndex: 255
  m_LightmapTilingOffset: {x: 1, y: 1, z: 0, w: 0}
  m_Materials:
  - {fileID: 2100000, guid: 1ed7afd92c219f3409a3d3c98a7790a6, type: 2}
  m_SubsetIndices: 
  m_StaticBatchRoot: {fileID: 0}
  m_UseLightProbes: 0
  m_LightProbeAnchor: {fileID: 0}
  m_ScaleInLightmap: 1
  m_SortingLayerID: 0
  m_SortingOrder: 0
--- !u!65 &1500348999
BoxCollider:
  m_ObjectHideFlags: 0
  m_PrefabParentObject: {fileID: 0}
  m_PrefabInternal: {fileID: 0}
  m_GameObject: {fileID: 1500348997}
  m_Material: {fileID: 0}
  m_IsTrigger: 0
  m_Enabled: 1
  serializedVersion: 2
  m_Size: {x: 1, y: 1, z: 1}
  m_Center: {x: 0, y: 0, z: 0}
--- !u!33 &1500349000
MeshFilter:
  m_ObjectHideFlags: 0
  m_PrefabParentObject: {fileID: 0}
  m_PrefabInternal: {fileID: 0}
  m_GameObject: {fileID: 1500348997}
  m_Mesh: {fileID: 10202, guid: 0000000000000000e000000000000000, type: 0}
--- !u!4 &1500349001
Transform:
  m_ObjectHideFlags: 0
  m_PrefabParentObject: {fileID: 0}
  m_PrefabInternal: {fileID: 0}
  m_GameObject: {fileID: 1500348997}
  m_LocalRotation: {x: 0, y: 0, z: 0, w: 1}
  m_LocalPosition: {x: 7.40714312, y: -5.07759476, z: -18.1499996}
  m_LocalScale: {x: 22, y: .00100000005, z: 8}
  m_Children: []
  m_Father: {fileID: 658380806}
  m_RootOrder: 4
--- !u!1 &1636446521
GameObject:
  m_ObjectHideFlags: 0
  m_PrefabParentObject: {fileID: 0}
  m_PrefabInternal: {fileID: 0}
  serializedVersion: 4
  m_Component:
  - 4: {fileID: 1636446525}
  - 33: {fileID: 1636446524}
  - 65: {fileID: 1636446523}
  - 23: {fileID: 1636446522}
  m_Layer: 2
  m_Name: Path1
  m_TagString: Untagged
  m_Icon: {fileID: 0}
  m_NavMeshLayer: 0
  m_StaticEditorFlags: 4294967295
  m_IsActive: 1
--- !u!23 &1636446522
Renderer:
  m_ObjectHideFlags: 0
  m_PrefabParentObject: {fileID: 0}
  m_PrefabInternal: {fileID: 0}
  m_GameObject: {fileID: 1636446521}
  m_Enabled: 1
  m_CastShadows: 1
  m_ReceiveShadows: 1
  m_LightmapIndex: 255
  m_LightmapTilingOffset: {x: 1, y: 1, z: 0, w: 0}
  m_Materials:
  - {fileID: 2100000, guid: 1ed7afd92c219f3409a3d3c98a7790a6, type: 2}
  m_SubsetIndices: 
  m_StaticBatchRoot: {fileID: 0}
  m_UseLightProbes: 0
  m_LightProbeAnchor: {fileID: 0}
  m_ScaleInLightmap: 1
  m_SortingLayerID: 0
  m_SortingOrder: 0
--- !u!65 &1636446523
BoxCollider:
  m_ObjectHideFlags: 0
  m_PrefabParentObject: {fileID: 0}
  m_PrefabInternal: {fileID: 0}
  m_GameObject: {fileID: 1636446521}
  m_Material: {fileID: 0}
  m_IsTrigger: 0
  m_Enabled: 1
  serializedVersion: 2
  m_Size: {x: 1, y: 1, z: 1}
  m_Center: {x: 0, y: 0, z: 0}
--- !u!33 &1636446524
MeshFilter:
  m_ObjectHideFlags: 0
  m_PrefabParentObject: {fileID: 0}
  m_PrefabInternal: {fileID: 0}
  m_GameObject: {fileID: 1636446521}
  m_Mesh: {fileID: 10202, guid: 0000000000000000e000000000000000, type: 0}
--- !u!4 &1636446525
Transform:
  m_ObjectHideFlags: 0
  m_PrefabParentObject: {fileID: 0}
  m_PrefabInternal: {fileID: 0}
  m_GameObject: {fileID: 1636446521}
  m_LocalRotation: {x: 0, y: 0, z: 0, w: 1}
  m_LocalPosition: {x: -65.5928574, y: -5.07759476, z: -62.2891502}
  m_LocalScale: {x: 10, y: .00100000005, z: 80}
  m_Children: []
  m_Father: {fileID: 658380806}
  m_RootOrder: 6
--- !u!1001 &1651525614
Prefab:
  m_ObjectHideFlags: 0
  serializedVersion: 2
  m_Modification:
    m_TransformParent: {fileID: 0}
    m_Modifications:
    - target: {fileID: 400000, guid: 9485b0c79d11e2e4d0007da98d76c639, type: 2}
      propertyPath: m_LocalPosition.x
      value: 83.5999985
      objectReference: {fileID: 0}
    - target: {fileID: 400000, guid: 9485b0c79d11e2e4d0007da98d76c639, type: 2}
      propertyPath: m_LocalPosition.y
      value: -.400000006
      objectReference: {fileID: 0}
    - target: {fileID: 400000, guid: 9485b0c79d11e2e4d0007da98d76c639, type: 2}
      propertyPath: m_LocalPosition.z
      value: 45.9000015
      objectReference: {fileID: 0}
    - target: {fileID: 400000, guid: 9485b0c79d11e2e4d0007da98d76c639, type: 2}
      propertyPath: m_LocalRotation.x
      value: 0
      objectReference: {fileID: 0}
    - target: {fileID: 400000, guid: 9485b0c79d11e2e4d0007da98d76c639, type: 2}
      propertyPath: m_LocalRotation.y
      value: 0
      objectReference: {fileID: 0}
    - target: {fileID: 400000, guid: 9485b0c79d11e2e4d0007da98d76c639, type: 2}
      propertyPath: m_LocalRotation.z
      value: 0
      objectReference: {fileID: 0}
    - target: {fileID: 400000, guid: 9485b0c79d11e2e4d0007da98d76c639, type: 2}
      propertyPath: m_LocalRotation.w
      value: 1
      objectReference: {fileID: 0}
    - target: {fileID: 400000, guid: 9485b0c79d11e2e4d0007da98d76c639, type: 2}
      propertyPath: m_RootOrder
      value: 0
      objectReference: {fileID: 0}
    - target: {fileID: 2300000, guid: 9485b0c79d11e2e4d0007da98d76c639, type: 2}
      propertyPath: m_Materials.Array.data[0]
      value: 
      objectReference: {fileID: 2100000, guid: 1b416656ba6ed4b2ca660ed69aa23234, type: 2}
    - target: {fileID: 400000, guid: 9485b0c79d11e2e4d0007da98d76c639, type: 2}
      propertyPath: m_LocalScale.x
      value: 20
      objectReference: {fileID: 0}
    - target: {fileID: 400000, guid: 9485b0c79d11e2e4d0007da98d76c639, type: 2}
      propertyPath: m_LocalScale.z
      value: 20
      objectReference: {fileID: 0}
    m_RemovedComponents:
    - {fileID: 11400000, guid: 9485b0c79d11e2e4d0007da98d76c639, type: 2}
  m_ParentPrefab: {fileID: 100100000, guid: 9485b0c79d11e2e4d0007da98d76c639, type: 2}
  m_RootGameObject: {fileID: 1826244}
  m_IsPrefabParent: 0
  m_IsExploded: 1
--- !u!1 &1786867616
GameObject:
  m_ObjectHideFlags: 0
  m_PrefabParentObject: {fileID: 0}
  m_PrefabInternal: {fileID: 0}
  serializedVersion: 4
  m_Component:
  - 4: {fileID: 1786867621}
  - 20: {fileID: 1786867620}
  - 92: {fileID: 1786867619}
  - 124: {fileID: 1786867618}
  - 81: {fileID: 1786867617}
  - 114: {fileID: 1786867622}
  - 114: {fileID: 1786867623}
  - 114: {fileID: 1786867624}
  - 114: {fileID: 1786867625}
  m_Layer: 0
  m_Name: Main Camera
  m_TagString: MainCamera
  m_Icon: {fileID: 0}
  m_NavMeshLayer: 0
  m_StaticEditorFlags: 0
  m_IsActive: 1
--- !u!81 &1786867617
AudioListener:
  m_ObjectHideFlags: 0
  m_PrefabParentObject: {fileID: 0}
  m_PrefabInternal: {fileID: 0}
  m_GameObject: {fileID: 1786867616}
  m_Enabled: 1
--- !u!124 &1786867618
Behaviour:
  m_ObjectHideFlags: 0
  m_PrefabParentObject: {fileID: 0}
  m_PrefabInternal: {fileID: 0}
  m_GameObject: {fileID: 1786867616}
  m_Enabled: 1
--- !u!92 &1786867619
Behaviour:
  m_ObjectHideFlags: 0
  m_PrefabParentObject: {fileID: 0}
  m_PrefabInternal: {fileID: 0}
  m_GameObject: {fileID: 1786867616}
  m_Enabled: 1
--- !u!20 &1786867620
Camera:
  m_ObjectHideFlags: 0
  m_PrefabParentObject: {fileID: 0}
  m_PrefabInternal: {fileID: 0}
  m_GameObject: {fileID: 1786867616}
  m_Enabled: 1
  serializedVersion: 2
  m_ClearFlags: 1
  m_BackGroundColor: {r: .69258219, g: .83783114, b: .897058845, a: 1}
  m_NormalizedViewPortRect:
    serializedVersion: 2
    x: 0
    y: 0
    width: 1
    height: 1
  near clip plane: .300000012
  far clip plane: 1000
  field of view: 60
  orthographic: 0
  orthographic size: 100
  m_Depth: -1
  m_CullingMask:
    serializedVersion: 2
    m_Bits: 4294967295
  m_RenderingPath: -1
  m_TargetTexture: {fileID: 0}
  m_TargetDisplay: 0
  m_HDR: 0
  m_OcclusionCulling: 0
  m_StereoConvergence: 10
  m_StereoSeparation: .0219999999
--- !u!4 &1786867621
Transform:
  m_ObjectHideFlags: 0
  m_PrefabParentObject: {fileID: 0}
  m_PrefabInternal: {fileID: 0}
  m_GameObject: {fileID: 1786867616}
  m_LocalRotation: {x: .642787635, y: 0, z: 0, w: .766044497}
  m_LocalPosition: {x: 47.9000015, y: 96.8899994, z: 28.7399998}
  m_LocalScale: {x: 1, y: 1.32496274, z: 1}
  m_Children: []
  m_Father: {fileID: 0}
  m_RootOrder: 6
--- !u!114 &1786867622
MonoBehaviour:
  m_ObjectHideFlags: 0
  m_PrefabParentObject: {fileID: 0}
  m_PrefabInternal: {fileID: 0}
  m_GameObject: {fileID: 1786867616}
  m_Enabled: 1
  m_EditorHideFlags: 0
  m_Script: {fileID: 11500000, guid: a64a6721881847d4f8276c98ead2a902, type: 3}
  m_Name: 
  m_EditorClassIdentifier: 
  Speed: 10
  ScrollSpeed: 2
  ScrollDistance: 5
  XMin: 0
  XMax: 100
  YMin: 40
  YMax: 100
  ZMin: 0
  ZMax: 100
--- !u!114 &1786867623
MonoBehaviour:
  m_ObjectHideFlags: 0
  m_PrefabParentObject: {fileID: 0}
  m_PrefabInternal: {fileID: 0}
  m_GameObject: {fileID: 1786867616}
  m_Enabled: 1
  m_EditorHideFlags: 0
  m_Script: {fileID: 11500000, guid: dc4b1cc8d40d3de43ba1ed96bf0f69b1, type: 3}
  m_Name: 
  m_EditorClassIdentifier: 
  Skin: {fileID: 11400000, guid: 7953503d9e83f8d469b84619849edd4e, type: 2}
  MonsterPrefab1: {fileID: 11459238, guid: bbe542c1a5145d241a0aa6ee42f3af41, type: 2}
  MonsterShell1: {fileID: 100052, guid: d7259e3e8ff6a8c49af62dbf2e288da3, type: 2}
  MonsterPrefab2: {fileID: 11438416, guid: 605cee1de751f724e9f35a15e6e43865, type: 2}
  MonsterShell2: {fileID: 173106, guid: a7ff6dc9dbf7bd249b49c16383b4eab9, type: 2}
  MonsterPrefab3: {fileID: 11410194, guid: 8c00db5be83e04b4c88b073e10fba9b9, type: 2}
  MonsterShell3: {fileID: 109612, guid: f8f4d44707c3ac7469c9fc38a4dba65d, type: 2}
  UnavailableSelectionPrefab: {fileID: 113818, guid: 3b4163b29536eb840b62823b44912b87,
    type: 2}
  SelectedNodePrefab: {fileID: 197132, guid: d131ced64d3643d4b8bfd8bbd296e330, type: 2}
  RangeIndicatorPrefab: {fileID: 104230, guid: bd4865aa4d7afb041926561322eb86ca, type: 2}
  MonsterList: {fileID: 0}
  Health: 12
  MapWidth: 10
  MapHeight: 10
  TileSize: 10
  widthPercent: .300000012
  heightPercent: .300000012
  NumberOfWaves: 10
  CurrentWave: 1
--- !u!114 &1786867624
MonoBehaviour:
  m_ObjectHideFlags: 0
  m_PrefabParentObject: {fileID: 0}
  m_PrefabInternal: {fileID: 0}
  m_GameObject: {fileID: 1786867616}
  m_Enabled: 1
  m_EditorHideFlags: 0
  m_Script: {fileID: 11500000, guid: c7ec5052eb34e864b8b1df743118805c, type: 3}
  m_Name: 
  m_EditorClassIdentifier: 
  EnemyHealthBarTexture: {fileID: 2800000, guid: b715db5c36cd76546a2b2c87b2e1a9f5,
    type: 3}
  FriendlyHealthBarTexture: {fileID: 2800000, guid: c45698c97f76a4e46a4eee821db57703,
    type: 3}
  HealthBarWidth: 50
  HealthBarHeight: 5
--- !u!114 &1786867625
MonoBehaviour:
  m_ObjectHideFlags: 0
  m_PrefabParentObject: {fileID: 0}
  m_PrefabInternal: {fileID: 0}
  m_GameObject: {fileID: 1786867616}
  m_Enabled: 1
  m_EditorHideFlags: 0
  m_Script: {fileID: 11500000, guid: 9da7fb6292335c34496a5cb2fab3505f, type: 3}
  m_Name: 
  m_EditorClassIdentifier: 
  Allosaurus: {fileID: 11459238, guid: bbe542c1a5145d241a0aa6ee42f3af41, type: 2}
  AllosaurusShell: {fileID: 100052, guid: 3bdb288348428924a99dcd18efd26c70, type: 2}
  Spider: {fileID: 11410194, guid: 8c00db5be83e04b4c88b073e10fba9b9, type: 2}
  SpiderShell: {fileID: 109612, guid: f8f4d44707c3ac7469c9fc38a4dba65d, type: 2}
  Whale: {fileID: 11489646, guid: 3a740bca61ef7364e983c2fb83f0189c, type: 2}
  WhaleShell: {fileID: 160010, guid: 67c32b0fd20aa71469417e7c093f8b68, type: 2}
  SandWorm: {fileID: 11498992, guid: 21dd262adde9d284d8d60b61d15d435e, type: 2}
  SandWormShell: {fileID: 128854, guid: 4ff36d7bb0473e54f9ae96b3ddcc80a8, type: 2}
  IceGiant: {fileID: 11470344, guid: a4c5db244c4627446915c0a7ead13089, type: 2}
  IceGiantShell: {fileID: 195744, guid: 78169d73021a71c41bec7fec033d5c9a, type: 2}
  Earthborn: {fileID: 11438416, guid: 605cee1de751f724e9f35a15e6e43865, type: 2}
  EarthbornShell: {fileID: 173106, guid: a7ff6dc9dbf7bd249b49c16383b4eab9, type: 2}
--- !u!1 &1959589788
GameObject:
  m_ObjectHideFlags: 0
  m_PrefabParentObject: {fileID: 100000, guid: 8e41f14c6552d48e6a7992aaecc808e4, type: 3}
  m_PrefabInternal: {fileID: 1315874232}
  serializedVersion: 4
  m_Component:
  - 4: {fileID: 1959589792}
  - 33: {fileID: 1959589791}
  - 23: {fileID: 1959589790}
  - 95: {fileID: 1959589789}
  m_Layer: 0
  m_Name: RockMesh
  m_TagString: Untagged
  m_Icon: {fileID: 0}
  m_NavMeshLayer: 0
  m_StaticEditorFlags: 0
  m_IsActive: 1
--- !u!95 &1959589789
Animator:
  serializedVersion: 3
  m_ObjectHideFlags: 0
  m_PrefabParentObject: {fileID: 9500000, guid: 8e41f14c6552d48e6a7992aaecc808e4,
    type: 3}
  m_PrefabInternal: {fileID: 1315874232}
  m_GameObject: {fileID: 1959589788}
  m_Enabled: 1
  m_Avatar: {fileID: 9000000, guid: 8e41f14c6552d48e6a7992aaecc808e4, type: 3}
  m_Controller: {fileID: 0}
  m_CullingMode: 0
  m_UpdateMode: 0
  m_ApplyRootMotion: 1
  m_HasTransformHierarchy: 1
  m_AllowConstantClipSamplingOptimization: 1
--- !u!23 &1959589790
Renderer:
  m_ObjectHideFlags: 0
  m_PrefabParentObject: {fileID: 2300000, guid: 8e41f14c6552d48e6a7992aaecc808e4,
    type: 3}
  m_PrefabInternal: {fileID: 1315874232}
  m_GameObject: {fileID: 1959589788}
  m_Enabled: 1
  m_CastShadows: 1
  m_ReceiveShadows: 1
  m_LightmapIndex: 255
  m_LightmapTilingOffset: {x: 1, y: 1, z: 0, w: 0}
  m_Materials:
  - {fileID: 2100000, guid: a99d9601d480f0149b463f4caec2ca45, type: 2}
  m_SubsetIndices: 
  m_StaticBatchRoot: {fileID: 0}
  m_UseLightProbes: 0
  m_LightProbeAnchor: {fileID: 0}
  m_ScaleInLightmap: 1
  m_SortingLayerID: 0
  m_SortingOrder: 0
--- !u!33 &1959589791
MeshFilter:
  m_ObjectHideFlags: 0
  m_PrefabParentObject: {fileID: 3300000, guid: 8e41f14c6552d48e6a7992aaecc808e4,
    type: 3}
  m_PrefabInternal: {fileID: 1315874232}
  m_GameObject: {fileID: 1959589788}
  m_Mesh: {fileID: 4300000, guid: 8e41f14c6552d48e6a7992aaecc808e4, type: 3}
--- !u!4 &1959589792
Transform:
  m_ObjectHideFlags: 0
  m_PrefabParentObject: {fileID: 400000, guid: 8e41f14c6552d48e6a7992aaecc808e4, type: 3}
  m_PrefabInternal: {fileID: 1315874232}
  m_GameObject: {fileID: 1959589788}
  m_LocalRotation: {x: 0, y: -0, z: -0, w: 1}
  m_LocalPosition: {x: 67.3332977, y: .200000003, z: 21.0224972}
  m_LocalScale: {x: 1, y: 1, z: 1}
  m_Children: []
  m_Father: {fileID: 0}
  m_RootOrder: 3
--- !u!1001 &1994583139
Prefab:
  m_ObjectHideFlags: 0
  serializedVersion: 2
  m_Modification:
    m_TransformParent: {fileID: 0}
    m_Modifications:
    - target: {fileID: 400000, guid: 8e41f14c6552d48e6a7992aaecc808e4, type: 3}
      propertyPath: m_LocalPosition.x
      value: 85.6297836
      objectReference: {fileID: 0}
    - target: {fileID: 400000, guid: 8e41f14c6552d48e6a7992aaecc808e4, type: 3}
      propertyPath: m_LocalPosition.y
      value: .200000003
      objectReference: {fileID: 0}
    - target: {fileID: 400000, guid: 8e41f14c6552d48e6a7992aaecc808e4, type: 3}
      propertyPath: m_LocalPosition.z
      value: 70.3753357
      objectReference: {fileID: 0}
    - target: {fileID: 400000, guid: 8e41f14c6552d48e6a7992aaecc808e4, type: 3}
      propertyPath: m_LocalRotation.x
      value: 0
      objectReference: {fileID: 0}
    - target: {fileID: 400000, guid: 8e41f14c6552d48e6a7992aaecc808e4, type: 3}
      propertyPath: m_LocalRotation.y
      value: -0
      objectReference: {fileID: 0}
    - target: {fileID: 400000, guid: 8e41f14c6552d48e6a7992aaecc808e4, type: 3}
      propertyPath: m_LocalRotation.z
      value: -0
      objectReference: {fileID: 0}
    - target: {fileID: 400000, guid: 8e41f14c6552d48e6a7992aaecc808e4, type: 3}
      propertyPath: m_LocalRotation.w
      value: 1
      objectReference: {fileID: 0}
    - target: {fileID: 400000, guid: 8e41f14c6552d48e6a7992aaecc808e4, type: 3}
      propertyPath: m_RootOrder
      value: 0
      objectReference: {fileID: 0}
    m_RemovedComponents: []
  m_ParentPrefab: {fileID: 100100000, guid: 8e41f14c6552d48e6a7992aaecc808e4, type: 3}
  m_RootGameObject: {fileID: 620552160}
  m_IsPrefabParent: 0
  m_IsExploded: 1
--- !u!1 &2023715710
GameObject:
  m_ObjectHideFlags: 0
  m_PrefabParentObject: {fileID: 0}
  m_PrefabInternal: {fileID: 0}
  serializedVersion: 4
  m_Component:
  - 4: {fileID: 2023715714}
  - 33: {fileID: 2023715713}
  - 65: {fileID: 2023715712}
  - 23: {fileID: 2023715711}
  m_Layer: 2
  m_Name: Path7
  m_TagString: Untagged
  m_Icon: {fileID: 0}
  m_NavMeshLayer: 0
  m_StaticEditorFlags: 4294967295
  m_IsActive: 1
--- !u!23 &2023715711
Renderer:
  m_ObjectHideFlags: 0
  m_PrefabParentObject: {fileID: 0}
  m_PrefabInternal: {fileID: 0}
  m_GameObject: {fileID: 2023715710}
  m_Enabled: 1
  m_CastShadows: 1
  m_ReceiveShadows: 1
  m_LightmapIndex: 255
  m_LightmapTilingOffset: {x: 1, y: 1, z: 0, w: 0}
  m_Materials:
  - {fileID: 2100000, guid: 1ed7afd92c219f3409a3d3c98a7790a6, type: 2}
  m_SubsetIndices: 
  m_StaticBatchRoot: {fileID: 0}
  m_UseLightProbes: 0
  m_LightProbeAnchor: {fileID: 0}
  m_ScaleInLightmap: 1
  m_SortingLayerID: 0
  m_SortingOrder: 0
--- !u!65 &2023715712
BoxCollider:
  m_ObjectHideFlags: 0
  m_PrefabParentObject: {fileID: 0}
  m_PrefabInternal: {fileID: 0}
  m_GameObject: {fileID: 2023715710}
  m_Material: {fileID: 0}
  m_IsTrigger: 0
  m_Enabled: 1
  serializedVersion: 2
  m_Size: {x: 1, y: 1, z: 1}
  m_Center: {x: 0, y: 0, z: 0}
--- !u!33 &2023715713
MeshFilter:
  m_ObjectHideFlags: 0
  m_PrefabParentObject: {fileID: 0}
  m_PrefabInternal: {fileID: 0}
  m_GameObject: {fileID: 2023715710}
  m_Mesh: {fileID: 10202, guid: 0000000000000000e000000000000000, type: 0}
--- !u!4 &2023715714
Transform:
  m_ObjectHideFlags: 0
  m_PrefabParentObject: {fileID: 0}
  m_PrefabInternal: {fileID: 0}
  m_GameObject: {fileID: 2023715710}
  m_LocalRotation: {x: 0, y: 0, z: 0, w: 1}
  m_LocalPosition: {x: -75.5928574, y: -5.07759476, z: 22.7108498}
  m_LocalScale: {x: 10, y: .00100000005, z: 50}
  m_Children: []
  m_Father: {fileID: 658380806}
  m_RootOrder: 1
--- !u!1 &2034698140
GameObject:
  m_ObjectHideFlags: 0
  m_PrefabParentObject: {fileID: 100000, guid: 6bfe651609b0c3348a378b88ef4f4a0d, type: 3}
  m_PrefabInternal: {fileID: 465169835}
  serializedVersion: 4
  m_Component:
  - 4: {fileID: 2034698144}
  - 33: {fileID: 2034698143}
  - 23: {fileID: 2034698142}
  - 95: {fileID: 2034698141}
  m_Layer: 0
  m_Name: MiniTemple2
  m_TagString: Untagged
  m_Icon: {fileID: 0}
  m_NavMeshLayer: 0
  m_StaticEditorFlags: 4294967295
  m_IsActive: 1
--- !u!95 &2034698141
Animator:
  serializedVersion: 3
  m_ObjectHideFlags: 0
  m_PrefabParentObject: {fileID: 9500000, guid: 6bfe651609b0c3348a378b88ef4f4a0d,
    type: 3}
  m_PrefabInternal: {fileID: 465169835}
  m_GameObject: {fileID: 2034698140}
  m_Enabled: 1
  m_Avatar: {fileID: 9000000, guid: 6bfe651609b0c3348a378b88ef4f4a0d, type: 3}
  m_Controller: {fileID: 0}
  m_CullingMode: 0
  m_UpdateMode: 0
  m_ApplyRootMotion: 1
  m_HasTransformHierarchy: 1
  m_AllowConstantClipSamplingOptimization: 1
--- !u!23 &2034698142
Renderer:
  m_ObjectHideFlags: 0
  m_PrefabParentObject: {fileID: 2300000, guid: 6bfe651609b0c3348a378b88ef4f4a0d,
    type: 3}
  m_PrefabInternal: {fileID: 465169835}
  m_GameObject: {fileID: 2034698140}
  m_Enabled: 1
  m_CastShadows: 1
  m_ReceiveShadows: 1
  m_LightmapIndex: 255
  m_LightmapTilingOffset: {x: 1, y: 1, z: 0, w: 0}
  m_Materials:
  - {fileID: 2100000, guid: ce0900df7d675944e884b51f7dfacd03, type: 2}
  m_SubsetIndices: 
  m_StaticBatchRoot: {fileID: 0}
  m_UseLightProbes: 0
  m_LightProbeAnchor: {fileID: 0}
  m_ScaleInLightmap: 1
  m_SortingLayerID: 0
  m_SortingOrder: 0
--- !u!33 &2034698143
MeshFilter:
  m_ObjectHideFlags: 0
  m_PrefabParentObject: {fileID: 3300000, guid: 6bfe651609b0c3348a378b88ef4f4a0d,
    type: 3}
  m_PrefabInternal: {fileID: 465169835}
  m_GameObject: {fileID: 2034698140}
  m_Mesh: {fileID: 4300000, guid: 6bfe651609b0c3348a378b88ef4f4a0d, type: 3}
--- !u!4 &2034698144
Transform:
  m_ObjectHideFlags: 0
  m_PrefabParentObject: {fileID: 400000, guid: 6bfe651609b0c3348a378b88ef4f4a0d, type: 3}
  m_PrefabInternal: {fileID: 465169835}
  m_GameObject: {fileID: 2034698140}
  m_LocalRotation: {x: .297777534, y: .641349137, z: .641348958, w: -.297777534}
  m_LocalPosition: {x: 98.4000015, y: -.300000012, z: 119.699997}
  m_LocalScale: {x: 2, y: 2, z: 2}
  m_Children: []
  m_Father: {fileID: 0}
  m_RootOrder: 4
--- !u!1 &2071869607
GameObject:
  m_ObjectHideFlags: 0
  m_PrefabParentObject: {fileID: 0}
  m_PrefabInternal: {fileID: 0}
  serializedVersion: 4
  m_Component:
  - 4: {fileID: 2071869611}
  - 33: {fileID: 2071869610}
  - 64: {fileID: 2071869609}
  - 23: {fileID: 2071869608}
  m_Layer: 0
  m_Name: Playfield
  m_TagString: Untagged
  m_Icon: {fileID: 0}
  m_NavMeshLayer: 0
  m_StaticEditorFlags: 0
  m_IsActive: 1
--- !u!23 &2071869608
Renderer:
  m_ObjectHideFlags: 0
  m_PrefabParentObject: {fileID: 0}
  m_PrefabInternal: {fileID: 0}
  m_GameObject: {fileID: 2071869607}
  m_Enabled: 1
  m_CastShadows: 1
  m_ReceiveShadows: 1
  m_LightmapIndex: 255
  m_LightmapTilingOffset: {x: 1, y: 1, z: 0, w: 0}
  m_Materials:
  - {fileID: 2100000, guid: ba9799c916fd90548b97cd0684cef181, type: 2}
  m_SubsetIndices: 
  m_StaticBatchRoot: {fileID: 0}
  m_UseLightProbes: 0
  m_LightProbeAnchor: {fileID: 0}
  m_ScaleInLightmap: 1
  m_SortingLayerID: 0
  m_SortingOrder: 0
--- !u!64 &2071869609
MeshCollider:
  m_ObjectHideFlags: 0
  m_PrefabParentObject: {fileID: 0}
  m_PrefabInternal: {fileID: 0}
  m_GameObject: {fileID: 2071869607}
  m_Material: {fileID: 0}
  m_IsTrigger: 0
  m_Enabled: 1
  serializedVersion: 2
  m_SmoothSphereCollisions: 0
  m_Convex: 0
  m_Mesh: {fileID: 10209, guid: 0000000000000000e000000000000000, type: 0}
--- !u!33 &2071869610
MeshFilter:
  m_ObjectHideFlags: 0
  m_PrefabParentObject: {fileID: 0}
  m_PrefabInternal: {fileID: 0}
  m_GameObject: {fileID: 2071869607}
  m_Mesh: {fileID: 10209, guid: 0000000000000000e000000000000000, type: 0}
--- !u!4 &2071869611
Transform:
  m_ObjectHideFlags: 0
  m_PrefabParentObject: {fileID: 0}
  m_PrefabInternal: {fileID: 0}
  m_GameObject: {fileID: 2071869607}
  m_LocalRotation: {x: 0, y: 0, z: 0, w: 1}
  m_LocalPosition: {x: 50, y: .200000003, z: 50}
  m_LocalScale: {x: 10, y: 1, z: 10}
  m_Children: []
  m_Father: {fileID: 0}
  m_RootOrder: 7
