%YAML 1.1
%TAG !u! tag:unity3d.com,2011:
--- !u!1 &121934
GameObject:
  m_ObjectHideFlags: 1
  m_PrefabParentObject: {fileID: 0}
  m_PrefabInternal: {fileID: 100100000}
  serializedVersion: 4
  m_Component:
  - 4: {fileID: 421934}
  m_Layer: 0
  m_Name: Creature:eff14
  m_TagString: Untagged
  m_Icon: {fileID: 0}
  m_NavMeshLayer: 0
  m_StaticEditorFlags: 0
  m_IsActive: 1
--- !u!1 &121936
GameObject:
  m_ObjectHideFlags: 1
  m_PrefabParentObject: {fileID: 0}
  m_PrefabInternal: {fileID: 100100000}
  serializedVersion: 4
  m_Component:
  - 4: {fileID: 421936}
  m_Layer: 0
  m_Name: Creature:bone25
  m_TagString: Untagged
  m_Icon: {fileID: 0}
  m_NavMeshLayer: 0
  m_StaticEditorFlags: 0
  m_IsActive: 1
--- !u!1 &121938
GameObject:
  m_ObjectHideFlags: 1
  m_PrefabParentObject: {fileID: 0}
  m_PrefabInternal: {fileID: 100100000}
  serializedVersion: 4
  m_Component:
  - 4: {fileID: 421938}
  m_Layer: 0
  m_Name: Creature:root10
  m_TagString: Untagged
  m_Icon: {fileID: 0}
  m_NavMeshLayer: 0
  m_StaticEditorFlags: 0
  m_IsActive: 1
--- !u!1 &121940
GameObject:
  m_ObjectHideFlags: 1
  m_PrefabParentObject: {fileID: 0}
  m_PrefabInternal: {fileID: 100100000}
  serializedVersion: 4
  m_Component:
  - 4: {fileID: 421940}
  m_Layer: 0
  m_Name: Creature:eff15
  m_TagString: Untagged
  m_Icon: {fileID: 0}
  m_NavMeshLayer: 0
  m_StaticEditorFlags: 0
  m_IsActive: 1
--- !u!1 &121942
GameObject:
  m_ObjectHideFlags: 1
  m_PrefabParentObject: {fileID: 0}
  m_PrefabInternal: {fileID: 100100000}
  serializedVersion: 4
  m_Component:
  - 4: {fileID: 421942}
  m_Layer: 0
  m_Name: Creature:bone24
  m_TagString: Untagged
  m_Icon: {fileID: 0}
  m_NavMeshLayer: 0
  m_StaticEditorFlags: 0
  m_IsActive: 1
--- !u!1 &121944
GameObject:
  m_ObjectHideFlags: 1
  m_PrefabParentObject: {fileID: 0}
  m_PrefabInternal: {fileID: 100100000}
  serializedVersion: 4
  m_Component:
  - 4: {fileID: 421944}
  m_Layer: 0
  m_Name: Creature:bone23
  m_TagString: Untagged
  m_Icon: {fileID: 0}
  m_NavMeshLayer: 0
  m_StaticEditorFlags: 0
  m_IsActive: 1
--- !u!1 &121946
GameObject:
  m_ObjectHideFlags: 1
  m_PrefabParentObject: {fileID: 0}
  m_PrefabInternal: {fileID: 100100000}
  serializedVersion: 4
  m_Component:
  - 4: {fileID: 422038}
  m_Layer: 0
  m_Name: Creature:R_foot_01
  m_TagString: Untagged
  m_Icon: {fileID: 0}
  m_NavMeshLayer: 0
  m_StaticEditorFlags: 0
  m_IsActive: 1
--- !u!1 &121948
GameObject:
  m_ObjectHideFlags: 1
  m_PrefabParentObject: {fileID: 0}
  m_PrefabInternal: {fileID: 100100000}
  serializedVersion: 4
  m_Component:
  - 4: {fileID: 421946}
  m_Layer: 0
  m_Name: Creature:eff1
  m_TagString: Untagged
  m_Icon: {fileID: 0}
  m_NavMeshLayer: 0
  m_StaticEditorFlags: 0
  m_IsActive: 1
--- !u!1 &121950
GameObject:
  m_ObjectHideFlags: 1
  m_PrefabParentObject: {fileID: 0}
  m_PrefabInternal: {fileID: 100100000}
  serializedVersion: 4
  m_Component:
  - 4: {fileID: 421948}
  m_Layer: 0
  m_Name: Creature:bone3
  m_TagString: Untagged
  m_Icon: {fileID: 0}
  m_NavMeshLayer: 0
  m_StaticEditorFlags: 0
  m_IsActive: 1
--- !u!1 &121952
GameObject:
  m_ObjectHideFlags: 1
  m_PrefabParentObject: {fileID: 0}
  m_PrefabInternal: {fileID: 100100000}
  serializedVersion: 4
  m_Component:
  - 4: {fileID: 421950}
  m_Layer: 0
  m_Name: Creature:head
  m_TagString: Untagged
  m_Icon: {fileID: 0}
  m_NavMeshLayer: 0
  m_StaticEditorFlags: 0
  m_IsActive: 1
--- !u!1 &121954
GameObject:
  m_ObjectHideFlags: 1
  m_PrefabParentObject: {fileID: 0}
  m_PrefabInternal: {fileID: 100100000}
  serializedVersion: 4
  m_Component:
  - 4: {fileID: 421952}
  m_Layer: 0
  m_Name: Creature:eff
  m_TagString: Untagged
  m_Icon: {fileID: 0}
  m_NavMeshLayer: 0
  m_StaticEditorFlags: 0
  m_IsActive: 1
--- !u!1 &121956
GameObject:
  m_ObjectHideFlags: 1
  m_PrefabParentObject: {fileID: 0}
  m_PrefabInternal: {fileID: 100100000}
  serializedVersion: 4
  m_Component:
  - 4: {fileID: 421954}
  m_Layer: 0
  m_Name: Creature:bone2
  m_TagString: Untagged
  m_Icon: {fileID: 0}
  m_NavMeshLayer: 0
  m_StaticEditorFlags: 0
  m_IsActive: 1
--- !u!1 &121958
GameObject:
  m_ObjectHideFlags: 1
  m_PrefabParentObject: {fileID: 0}
  m_PrefabInternal: {fileID: 100100000}
  serializedVersion: 4
  m_Component:
  - 4: {fileID: 421956}
  m_Layer: 0
  m_Name: Creature:bone1
  m_TagString: Untagged
  m_Icon: {fileID: 0}
  m_NavMeshLayer: 0
  m_StaticEditorFlags: 0
  m_IsActive: 1
--- !u!1 &121960
GameObject:
  m_ObjectHideFlags: 1
  m_PrefabParentObject: {fileID: 0}
  m_PrefabInternal: {fileID: 100100000}
  serializedVersion: 4
  m_Component:
  - 4: {fileID: 421958}
  m_Layer: 0
  m_Name: Creature:bone
  m_TagString: Untagged
  m_Icon: {fileID: 0}
  m_NavMeshLayer: 0
  m_StaticEditorFlags: 0
  m_IsActive: 1
--- !u!1 &121962
GameObject:
  m_ObjectHideFlags: 1
  m_PrefabParentObject: {fileID: 0}
  m_PrefabInternal: {fileID: 100100000}
  serializedVersion: 4
  m_Component:
  - 4: {fileID: 422040}
  m_Layer: 0
  m_Name: Creature:neck
  m_TagString: Untagged
  m_Icon: {fileID: 0}
  m_NavMeshLayer: 0
  m_StaticEditorFlags: 0
  m_IsActive: 1
--- !u!1 &121964
GameObject:
  m_ObjectHideFlags: 1
  m_PrefabParentObject: {fileID: 0}
  m_PrefabInternal: {fileID: 100100000}
  serializedVersion: 4
  m_Component:
  - 4: {fileID: 421960}
  m_Layer: 0
  m_Name: Creature:eff6
  m_TagString: Untagged
  m_Icon: {fileID: 0}
  m_NavMeshLayer: 0
  m_StaticEditorFlags: 0
  m_IsActive: 1
--- !u!1 &121966
GameObject:
  m_ObjectHideFlags: 1
  m_PrefabParentObject: {fileID: 0}
  m_PrefabInternal: {fileID: 100100000}
  serializedVersion: 4
  m_Component:
  - 4: {fileID: 421962}
  m_Layer: 0
  m_Name: Creature:bone12
  m_TagString: Untagged
  m_Icon: {fileID: 0}
  m_NavMeshLayer: 0
  m_StaticEditorFlags: 0
  m_IsActive: 1
--- !u!1 &121968
GameObject:
  m_ObjectHideFlags: 1
  m_PrefabParentObject: {fileID: 0}
  m_PrefabInternal: {fileID: 100100000}
  serializedVersion: 4
  m_Component:
  - 4: {fileID: 421964}
  m_Layer: 0
  m_Name: Creature:root7
  m_TagString: Untagged
  m_Icon: {fileID: 0}
  m_NavMeshLayer: 0
  m_StaticEditorFlags: 0
  m_IsActive: 1
--- !u!1 &121970
GameObject:
  m_ObjectHideFlags: 1
  m_PrefabParentObject: {fileID: 0}
  m_PrefabInternal: {fileID: 100100000}
  serializedVersion: 4
  m_Component:
  - 4: {fileID: 421966}
  m_Layer: 0
  m_Name: Creature:eff7
  m_TagString: Untagged
  m_Icon: {fileID: 0}
  m_NavMeshLayer: 0
  m_StaticEditorFlags: 0
  m_IsActive: 1
--- !u!1 &121972
GameObject:
  m_ObjectHideFlags: 1
  m_PrefabParentObject: {fileID: 0}
  m_PrefabInternal: {fileID: 100100000}
  serializedVersion: 4
  m_Component:
  - 4: {fileID: 421968}
  m_Layer: 0
  m_Name: Creature:bone11
  m_TagString: Untagged
  m_Icon: {fileID: 0}
  m_NavMeshLayer: 0
  m_StaticEditorFlags: 0
  m_IsActive: 1
--- !u!1 &121974
GameObject:
  m_ObjectHideFlags: 1
  m_PrefabParentObject: {fileID: 0}
  m_PrefabInternal: {fileID: 100100000}
  serializedVersion: 4
  m_Component:
  - 4: {fileID: 421970}
  m_Layer: 0
  m_Name: Creature:bone10
  m_TagString: Untagged
  m_Icon: {fileID: 0}
  m_NavMeshLayer: 0
  m_StaticEditorFlags: 0
  m_IsActive: 1
--- !u!1 &121976
GameObject:
  m_ObjectHideFlags: 1
  m_PrefabParentObject: {fileID: 0}
  m_PrefabInternal: {fileID: 100100000}
  serializedVersion: 4
  m_Component:
  - 4: {fileID: 422042}
  m_Layer: 0
  m_Name: Creature:L_foot_01
  m_TagString: Untagged
  m_Icon: {fileID: 0}
  m_NavMeshLayer: 0
  m_StaticEditorFlags: 0
  m_IsActive: 1
--- !u!1 &121978
GameObject:
  m_ObjectHideFlags: 1
  m_PrefabParentObject: {fileID: 0}
  m_PrefabInternal: {fileID: 100100000}
  serializedVersion: 4
  m_Component:
  - 4: {fileID: 421972}
  m_Layer: 0
  m_Name: Creature:eff9
  m_TagString: Untagged
  m_Icon: {fileID: 0}
  m_NavMeshLayer: 0
  m_StaticEditorFlags: 0
  m_IsActive: 1
--- !u!1 &121980
GameObject:
  m_ObjectHideFlags: 1
  m_PrefabParentObject: {fileID: 0}
  m_PrefabInternal: {fileID: 100100000}
  serializedVersion: 4
  m_Component:
  - 4: {fileID: 421974}
  m_Layer: 0
  m_Name: Creature:bone16
  m_TagString: Untagged
  m_Icon: {fileID: 0}
  m_NavMeshLayer: 0
  m_StaticEditorFlags: 0
  m_IsActive: 1
--- !u!1 &121982
GameObject:
  m_ObjectHideFlags: 1
  m_PrefabParentObject: {fileID: 0}
  m_PrefabInternal: {fileID: 100100000}
  serializedVersion: 4
  m_Component:
  - 4: {fileID: 421976}
  m_Layer: 0
  m_Name: Creature:bone15
  m_TagString: Untagged
  m_Icon: {fileID: 0}
  m_NavMeshLayer: 0
  m_StaticEditorFlags: 0
  m_IsActive: 1
--- !u!1 &121984
GameObject:
  m_ObjectHideFlags: 1
  m_PrefabParentObject: {fileID: 0}
  m_PrefabInternal: {fileID: 100100000}
  serializedVersion: 4
  m_Component:
  - 4: {fileID: 422026}
  m_Layer: 0
  m_Name: Creature:tail
  m_TagString: Untagged
  m_Icon: {fileID: 0}
  m_NavMeshLayer: 0
  m_StaticEditorFlags: 0
  m_IsActive: 1
--- !u!1 &121986
GameObject:
  m_ObjectHideFlags: 1
  m_PrefabParentObject: {fileID: 0}
  m_PrefabInternal: {fileID: 100100000}
  serializedVersion: 4
  m_Component:
  - 4: {fileID: 421978}
  m_Layer: 0
  m_Name: Creature:eff12
  m_TagString: Untagged
  m_Icon: {fileID: 0}
  m_NavMeshLayer: 0
  m_StaticEditorFlags: 0
  m_IsActive: 1
--- !u!1 &121988
GameObject:
  m_ObjectHideFlags: 1
  m_PrefabParentObject: {fileID: 0}
  m_PrefabInternal: {fileID: 100100000}
  serializedVersion: 4
  m_Component:
  - 4: {fileID: 421980}
  m_Layer: 0
  m_Name: Creature:bone22
  m_TagString: Untagged
  m_Icon: {fileID: 0}
  m_NavMeshLayer: 0
  m_StaticEditorFlags: 0
  m_IsActive: 1
--- !u!1 &121990
GameObject:
  m_ObjectHideFlags: 1
  m_PrefabParentObject: {fileID: 0}
  m_PrefabInternal: {fileID: 100100000}
  serializedVersion: 4
  m_Component:
  - 4: {fileID: 421982}
  m_Layer: 0
  m_Name: Creature:root9
  m_TagString: Untagged
  m_Icon: {fileID: 0}
  m_NavMeshLayer: 0
  m_StaticEditorFlags: 0
  m_IsActive: 1
--- !u!1 &121992
GameObject:
  m_ObjectHideFlags: 1
  m_PrefabParentObject: {fileID: 0}
  m_PrefabInternal: {fileID: 100100000}
  serializedVersion: 4
  m_Component:
  - 4: {fileID: 421984}
  m_Layer: 0
  m_Name: Creature:eff13
  m_TagString: Untagged
  m_Icon: {fileID: 0}
  m_NavMeshLayer: 0
  m_StaticEditorFlags: 0
  m_IsActive: 1
--- !u!1 &121994
GameObject:
  m_ObjectHideFlags: 1
  m_PrefabParentObject: {fileID: 0}
  m_PrefabInternal: {fileID: 100100000}
  serializedVersion: 4
  m_Component:
  - 4: {fileID: 421986}
  m_Layer: 0
  m_Name: Creature:bone21
  m_TagString: Untagged
  m_Icon: {fileID: 0}
  m_NavMeshLayer: 0
  m_StaticEditorFlags: 0
  m_IsActive: 1
--- !u!1 &121996
GameObject:
  m_ObjectHideFlags: 1
  m_PrefabParentObject: {fileID: 0}
  m_PrefabInternal: {fileID: 100100000}
  serializedVersion: 4
  m_Component:
  - 4: {fileID: 421988}
  m_Layer: 0
  m_Name: Creature:bone20
  m_TagString: Untagged
  m_Icon: {fileID: 0}
  m_NavMeshLayer: 0
  m_StaticEditorFlags: 0
  m_IsActive: 1
--- !u!1 &121998
GameObject:
  m_ObjectHideFlags: 1
  m_PrefabParentObject: {fileID: 0}
  m_PrefabInternal: {fileID: 100100000}
  serializedVersion: 4
  m_Component:
  - 4: {fileID: 422028}
  m_Layer: 0
  m_Name: Creature:R_foot_03
  m_TagString: Untagged
  m_Icon: {fileID: 0}
  m_NavMeshLayer: 0
  m_StaticEditorFlags: 0
  m_IsActive: 1
--- !u!1 &122000
GameObject:
  m_ObjectHideFlags: 1
  m_PrefabParentObject: {fileID: 0}
  m_PrefabInternal: {fileID: 100100000}
  serializedVersion: 4
  m_Component:
  - 4: {fileID: 421990}
  m_Layer: 0
  m_Name: Creature:eff10
  m_TagString: Untagged
  m_Icon: {fileID: 0}
  m_NavMeshLayer: 0
  m_StaticEditorFlags: 0
  m_IsActive: 1
--- !u!1 &122002
GameObject:
  m_ObjectHideFlags: 1
  m_PrefabParentObject: {fileID: 0}
  m_PrefabInternal: {fileID: 100100000}
  serializedVersion: 4
  m_Component:
  - 4: {fileID: 421992}
  m_Layer: 0
  m_Name: Creature:bone19
  m_TagString: Untagged
  m_Icon: {fileID: 0}
  m_NavMeshLayer: 0
  m_StaticEditorFlags: 0
  m_IsActive: 1
--- !u!1 &122004
GameObject:
  m_ObjectHideFlags: 1
  m_PrefabParentObject: {fileID: 0}
  m_PrefabInternal: {fileID: 100100000}
  serializedVersion: 4
  m_Component:
  - 4: {fileID: 421994}
  m_Layer: 0
  m_Name: Creature:root8
  m_TagString: Untagged
  m_Icon: {fileID: 0}
  m_NavMeshLayer: 0
  m_StaticEditorFlags: 0
  m_IsActive: 1
--- !u!1 &122006
GameObject:
  m_ObjectHideFlags: 1
  m_PrefabParentObject: {fileID: 0}
  m_PrefabInternal: {fileID: 100100000}
  serializedVersion: 4
  m_Component:
  - 4: {fileID: 421996}
  m_Layer: 0
  m_Name: Creature:eff11
  m_TagString: Untagged
  m_Icon: {fileID: 0}
  m_NavMeshLayer: 0
  m_StaticEditorFlags: 0
  m_IsActive: 1
--- !u!1 &122008
GameObject:
  m_ObjectHideFlags: 1
  m_PrefabParentObject: {fileID: 0}
  m_PrefabInternal: {fileID: 100100000}
  serializedVersion: 4
  m_Component:
  - 4: {fileID: 421998}
  m_Layer: 0
  m_Name: Creature:bone18
  m_TagString: Untagged
  m_Icon: {fileID: 0}
  m_NavMeshLayer: 0
  m_StaticEditorFlags: 0
  m_IsActive: 1
--- !u!1 &122010
GameObject:
  m_ObjectHideFlags: 1
  m_PrefabParentObject: {fileID: 0}
  m_PrefabInternal: {fileID: 100100000}
  serializedVersion: 4
  m_Component:
  - 4: {fileID: 422000}
  m_Layer: 0
  m_Name: Creature:bone17
  m_TagString: Untagged
  m_Icon: {fileID: 0}
  m_NavMeshLayer: 0
  m_StaticEditorFlags: 0
  m_IsActive: 1
--- !u!1 &122012
GameObject:
  m_ObjectHideFlags: 1
  m_PrefabParentObject: {fileID: 0}
  m_PrefabInternal: {fileID: 100100000}
  serializedVersion: 4
  m_Component:
  - 4: {fileID: 422030}
  m_Layer: 0
  m_Name: Creature:R_foot_02
  m_TagString: Untagged
  m_Icon: {fileID: 0}
  m_NavMeshLayer: 0
  m_StaticEditorFlags: 0
  m_IsActive: 1
--- !u!1 &122014
GameObject:
  m_ObjectHideFlags: 1
  m_PrefabParentObject: {fileID: 0}
  m_PrefabInternal: {fileID: 100100000}
  serializedVersion: 4
  m_Component:
  - 4: {fileID: 422002}
  m_Layer: 0
  m_Name: Creature:eff4
  m_TagString: Untagged
  m_Icon: {fileID: 0}
  m_NavMeshLayer: 0
  m_StaticEditorFlags: 0
  m_IsActive: 1
--- !u!1 &122016
GameObject:
  m_ObjectHideFlags: 1
  m_PrefabParentObject: {fileID: 0}
  m_PrefabInternal: {fileID: 100100000}
  serializedVersion: 4
  m_Component:
  - 4: {fileID: 422004}
  m_Layer: 0
  m_Name: Creature:bone9
  m_TagString: Untagged
  m_Icon: {fileID: 0}
  m_NavMeshLayer: 0
  m_StaticEditorFlags: 0
  m_IsActive: 1
--- !u!1 &122018
GameObject:
  m_ObjectHideFlags: 1
  m_PrefabParentObject: {fileID: 0}
  m_PrefabInternal: {fileID: 100100000}
  serializedVersion: 4
  m_Component:
  - 4: {fileID: 422006}
  m_Layer: 0
  m_Name: Creature:root5
  m_TagString: Untagged
  m_Icon: {fileID: 0}
  m_NavMeshLayer: 0
  m_StaticEditorFlags: 0
  m_IsActive: 1
--- !u!1 &122020
GameObject:
  m_ObjectHideFlags: 1
  m_PrefabParentObject: {fileID: 0}
  m_PrefabInternal: {fileID: 100100000}
  serializedVersion: 4
  m_Component:
  - 4: {fileID: 422008}
  m_Layer: 0
  m_Name: Creature:eff5
  m_TagString: Untagged
  m_Icon: {fileID: 0}
  m_NavMeshLayer: 0
  m_StaticEditorFlags: 0
  m_IsActive: 1
--- !u!1 &122022
GameObject:
  m_ObjectHideFlags: 1
  m_PrefabParentObject: {fileID: 0}
  m_PrefabInternal: {fileID: 100100000}
  serializedVersion: 4
  m_Component:
  - 4: {fileID: 422010}
  m_Layer: 0
  m_Name: Creature:bone8
  m_TagString: Untagged
  m_Icon: {fileID: 0}
  m_NavMeshLayer: 0
  m_StaticEditorFlags: 0
  m_IsActive: 1
--- !u!1 &122024
GameObject:
  m_ObjectHideFlags: 1
  m_PrefabParentObject: {fileID: 0}
  m_PrefabInternal: {fileID: 100100000}
  serializedVersion: 4
  m_Component:
  - 4: {fileID: 422012}
  m_Layer: 0
  m_Name: Creature:bone7
  m_TagString: Untagged
  m_Icon: {fileID: 0}
  m_NavMeshLayer: 0
  m_StaticEditorFlags: 0
  m_IsActive: 1
--- !u!1 &122026
GameObject:
  m_ObjectHideFlags: 1
  m_PrefabParentObject: {fileID: 0}
  m_PrefabInternal: {fileID: 100100000}
  serializedVersion: 4
  m_Component:
  - 4: {fileID: 422032}
  m_Layer: 0
  m_Name: Creature:L_foot_03
  m_TagString: Untagged
  m_Icon: {fileID: 0}
  m_NavMeshLayer: 0
  m_StaticEditorFlags: 0
  m_IsActive: 1
--- !u!1 &122028
GameObject:
  m_ObjectHideFlags: 1
  m_PrefabParentObject: {fileID: 0}
  m_PrefabInternal: {fileID: 100100000}
  serializedVersion: 4
  m_Component:
  - 4: {fileID: 422014}
  m_Layer: 0
  m_Name: Creature:eff3
  m_TagString: Untagged
  m_Icon: {fileID: 0}
  m_NavMeshLayer: 0
  m_StaticEditorFlags: 0
  m_IsActive: 1
--- !u!1 &122030
GameObject:
  m_ObjectHideFlags: 1
  m_PrefabParentObject: {fileID: 0}
  m_PrefabInternal: {fileID: 100100000}
  serializedVersion: 4
  m_Component:
  - 4: {fileID: 422016}
  m_Layer: 0
  m_Name: Creature:bone6
  m_TagString: Untagged
  m_Icon: {fileID: 0}
  m_NavMeshLayer: 0
  m_StaticEditorFlags: 0
  m_IsActive: 1
--- !u!1 &122032
GameObject:
  m_ObjectHideFlags: 1
  m_PrefabParentObject: {fileID: 0}
  m_PrefabInternal: {fileID: 100100000}
  serializedVersion: 4
  m_Component:
  - 4: {fileID: 422018}
  m_Layer: 0
  m_Name: Creature:root3
  m_TagString: Untagged
  m_Icon: {fileID: 0}
  m_NavMeshLayer: 0
  m_StaticEditorFlags: 0
  m_IsActive: 1
--- !u!1 &122034
GameObject:
  m_ObjectHideFlags: 1
  m_PrefabParentObject: {fileID: 0}
  m_PrefabInternal: {fileID: 100100000}
  serializedVersion: 4
  m_Component:
  - 4: {fileID: 422020}
  m_Layer: 0
  m_Name: Creature:eff2
  m_TagString: Untagged
  m_Icon: {fileID: 0}
  m_NavMeshLayer: 0
  m_StaticEditorFlags: 0
  m_IsActive: 1
--- !u!1 &122036
GameObject:
  m_ObjectHideFlags: 1
  m_PrefabParentObject: {fileID: 0}
  m_PrefabInternal: {fileID: 100100000}
  serializedVersion: 4
  m_Component:
  - 4: {fileID: 422022}
  m_Layer: 0
  m_Name: Creature:bone5
  m_TagString: Untagged
  m_Icon: {fileID: 0}
  m_NavMeshLayer: 0
  m_StaticEditorFlags: 0
  m_IsActive: 1
--- !u!1 &122038
GameObject:
  m_ObjectHideFlags: 1
  m_PrefabParentObject: {fileID: 0}
  m_PrefabInternal: {fileID: 100100000}
  serializedVersion: 4
  m_Component:
  - 4: {fileID: 422024}
  m_Layer: 0
  m_Name: Creature:bone4
  m_TagString: Untagged
  m_Icon: {fileID: 0}
  m_NavMeshLayer: 0
  m_StaticEditorFlags: 0
  m_IsActive: 1
--- !u!1 &122040
GameObject:
  m_ObjectHideFlags: 1
  m_PrefabParentObject: {fileID: 0}
  m_PrefabInternal: {fileID: 100100000}
  serializedVersion: 4
  m_Component:
  - 4: {fileID: 422034}
  m_Layer: 0
  m_Name: Creature:L_foot_02
  m_TagString: Untagged
  m_Icon: {fileID: 0}
  m_NavMeshLayer: 0
  m_StaticEditorFlags: 0
  m_IsActive: 1
--- !u!1 &122042
GameObject:
  m_ObjectHideFlags: 1
  m_PrefabParentObject: {fileID: 0}
  m_PrefabInternal: {fileID: 100100000}
  serializedVersion: 4
  m_Component:
  - 4: {fileID: 422036}
  m_Layer: 0
  m_Name: Creature:eff8
  m_TagString: Untagged
  m_Icon: {fileID: 0}
  m_NavMeshLayer: 0
  m_StaticEditorFlags: 0
  m_IsActive: 1
--- !u!1 &122044
GameObject:
  m_ObjectHideFlags: 1
  m_PrefabParentObject: {fileID: 0}
  m_PrefabInternal: {fileID: 100100000}
  serializedVersion: 4
  m_Component:
  - 4: {fileID: 422044}
  m_Layer: 0
  m_Name: Creature:bone14
  m_TagString: Untagged
  m_Icon: {fileID: 0}
  m_NavMeshLayer: 0
  m_StaticEditorFlags: 0
  m_IsActive: 1
--- !u!1 &122046
GameObject:
  m_ObjectHideFlags: 1
  m_PrefabParentObject: {fileID: 0}
  m_PrefabInternal: {fileID: 100100000}
  serializedVersion: 4
  m_Component:
  - 4: {fileID: 422046}
  m_Layer: 0
  m_Name: Creature:bone13
  m_TagString: Untagged
  m_Icon: {fileID: 0}
  m_NavMeshLayer: 0
  m_StaticEditorFlags: 0
  m_IsActive: 1
--- !u!1 &122048
GameObject:
  m_ObjectHideFlags: 1
  m_PrefabParentObject: {fileID: 0}
  m_PrefabInternal: {fileID: 100100000}
  serializedVersion: 4
  m_Component:
  - 4: {fileID: 422048}
  m_Layer: 0
  m_Name: Creature:body
  m_TagString: Untagged
  m_Icon: {fileID: 0}
  m_NavMeshLayer: 0
  m_StaticEditorFlags: 0
  m_IsActive: 1
--- !u!1 &122050
GameObject:
  m_ObjectHideFlags: 0
  m_PrefabParentObject: {fileID: 0}
  m_PrefabInternal: {fileID: 100100000}
  serializedVersion: 4
  m_Component:
  - 4: {fileID: 422050}
  - 137: {fileID: 13721934}
  m_Layer: 0
  m_Name: Creature:polymsh
  m_TagString: Untagged
  m_Icon: {fileID: 0}
  m_NavMeshLayer: 0
  m_StaticEditorFlags: 0
  m_IsActive: 1
--- !u!1 &122052
GameObject:
  m_ObjectHideFlags: 0
  m_PrefabParentObject: {fileID: 0}
  m_PrefabInternal: {fileID: 100100000}
  serializedVersion: 4
  m_Component:
  - 4: {fileID: 422052}
  m_Layer: 0
  m_Name: Creature:CENTER
  m_TagString: Untagged
  m_Icon: {fileID: 0}
  m_NavMeshLayer: 0
  m_StaticEditorFlags: 0
  m_IsActive: 1
--- !u!1 &122054
GameObject:
  m_ObjectHideFlags: 0
  m_PrefabParentObject: {fileID: 0}
  m_PrefabInternal: {fileID: 100100000}
  serializedVersion: 4
  m_Component:
  - 4: {fileID: 422054}
  - 111: {fileID: 11121934}
  - 114: {fileID: 11498992}
  m_Layer: 0
  m_Name: CaveWorm
  m_TagString: Untagged
  m_Icon: {fileID: 0}
  m_NavMeshLayer: 0
  m_StaticEditorFlags: 0
  m_IsActive: 1
--- !u!4 &421934
Transform:
  m_ObjectHideFlags: 1
  m_PrefabParentObject: {fileID: 0}
  m_PrefabInternal: {fileID: 100100000}
  m_GameObject: {fileID: 121934}
  m_LocalRotation: {x: 0, y: -0, z: -0, w: 1}
  m_LocalPosition: {x: -.412514597, y: 1.176124e-08, z: -2.66453536e-16}
  m_LocalScale: {x: 1, y: 1, z: 1}
  m_Children: []
  m_Father: {fileID: 421936}
  m_RootOrder: 0
--- !u!4 &421936
Transform:
  m_ObjectHideFlags: 1
  m_PrefabParentObject: {fileID: 0}
  m_PrefabInternal: {fileID: 100100000}
  m_GameObject: {fileID: 121936}
  m_LocalRotation: {x: 9.02056208e-17, y: 3.12250226e-17, z: .518560052, w: .855041206}
  m_LocalPosition: {x: -0, y: 0, z: 0}
  m_LocalScale: {x: 1, y: 1, z: 1}
  m_Children:
  - {fileID: 421934}
  m_Father: {fileID: 421938}
  m_RootOrder: 0
--- !u!4 &421938
Transform:
  m_ObjectHideFlags: 1
  m_PrefabParentObject: {fileID: 0}
  m_PrefabInternal: {fileID: 100100000}
  m_GameObject: {fileID: 121938}
  m_LocalRotation: {x: 1.73472348e-18, y: 1.62630326e-18, z: -.358485401, w: .933535337}
  m_LocalPosition: {x: -.59341073, y: .00829812512, z: 0}
  m_LocalScale: {x: 1, y: 1, z: 1}
  m_Children:
  - {fileID: 421936}
  m_Father: {fileID: 421942}
  m_RootOrder: 1
--- !u!4 &421940
Transform:
  m_ObjectHideFlags: 1
  m_PrefabParentObject: {fileID: 0}
  m_PrefabInternal: {fileID: 100100000}
  m_GameObject: {fileID: 121940}
  m_LocalRotation: {x: 0, y: -0, z: -0, w: 1}
  m_LocalPosition: {x: -.540000021, y: 1.03227293e-08, z: -7.73774467e-09}
  m_LocalScale: {x: 1, y: 1, z: 1}
  m_Children: []
  m_Father: {fileID: 421942}
  m_RootOrder: 0
--- !u!4 &421942
Transform:
  m_ObjectHideFlags: 1
  m_PrefabParentObject: {fileID: 0}
  m_PrefabInternal: {fileID: 100100000}
  m_GameObject: {fileID: 121942}
  m_LocalRotation: {x: 2.08166817e-16, y: -3.46944695e-17, z: .630641401, w: .77607435}
  m_LocalPosition: {x: -.900000036, y: 0, z: 6.66133841e-17}
  m_LocalScale: {x: 1, y: 1, z: 1}
  m_Children:
  - {fileID: 421940}
  - {fileID: 421938}
  m_Father: {fileID: 421944}
  m_RootOrder: 0
--- !u!4 &421944
Transform:
  m_ObjectHideFlags: 1
  m_PrefabParentObject: {fileID: 0}
  m_PrefabInternal: {fileID: 100100000}
  m_GameObject: {fileID: 121944}
  m_LocalRotation: {x: .0744189024, y: -.269232988, z: -.315851361, w: .906759799}
  m_LocalPosition: {x: 3.33066921e-17, y: -1.6653346e-17, z: 0}
  m_LocalScale: {x: 1, y: 1, z: 1}
  m_Children:
  - {fileID: 421942}
  m_Father: {fileID: 422038}
  m_RootOrder: 0
--- !u!4 &421946
Transform:
  m_ObjectHideFlags: 1
  m_PrefabParentObject: {fileID: 0}
  m_PrefabInternal: {fileID: 100100000}
  m_GameObject: {fileID: 121948}
  m_LocalRotation: {x: 0, y: -0, z: -0, w: 1}
  m_LocalPosition: {x: -.595555007, y: -2.7782626e-08, z: -3.08873838e-09}
  m_LocalScale: {x: 1, y: 1, z: 1}
  m_Children: []
  m_Father: {fileID: 421948}
  m_RootOrder: 0
--- !u!4 &421948
Transform:
  m_ObjectHideFlags: 1
  m_PrefabParentObject: {fileID: 0}
  m_PrefabInternal: {fileID: 100100000}
  m_GameObject: {fileID: 121950}
  m_LocalRotation: {x: -.0449619219, y: .00717797782, z: .997047186, w: -.0618367828}
  m_LocalPosition: {x: -0, y: 6.66133841e-17, z: 1.6653346e-17}
  m_LocalScale: {x: 1, y: 1, z: 1}
  m_Children:
  - {fileID: 421946}
  m_Father: {fileID: 421950}
  m_RootOrder: 0
--- !u!4 &421950
Transform:
  m_ObjectHideFlags: 1
  m_PrefabParentObject: {fileID: 0}
  m_PrefabInternal: {fileID: 100100000}
  m_GameObject: {fileID: 121952}
  m_LocalRotation: {x: 1.11022302e-16, y: -1.11022302e-16, z: .85376519, w: .520658255}
  m_LocalPosition: {x: -.507953465, y: .103440769, z: -5.29286219e-16}
  m_LocalScale: {x: 1, y: 1, z: 1}
  m_Children:
  - {fileID: 421948}
  m_Father: {fileID: 421954}
  m_RootOrder: 1
--- !u!4 &421952
Transform:
  m_ObjectHideFlags: 1
  m_PrefabParentObject: {fileID: 0}
  m_PrefabInternal: {fileID: 100100000}
  m_GameObject: {fileID: 121954}
  m_LocalRotation: {x: 0, y: -0, z: -0, w: 1}
  m_LocalPosition: {x: -.393789172, y: -4.245112e-08, z: -2.4480542e-09}
  m_LocalScale: {x: 1, y: 1, z: 1}
  m_Children: []
  m_Father: {fileID: 421954}
  m_RootOrder: 0
--- !u!4 &421954
Transform:
  m_ObjectHideFlags: 1
  m_PrefabParentObject: {fileID: 0}
  m_PrefabInternal: {fileID: 100100000}
  m_GameObject: {fileID: 121956}
  m_LocalRotation: {x: -.0568235368, y: .109692104, z: -.317263335, w: .940256715}
  m_LocalPosition: {x: -.461022586, y: 6.66133841e-17, z: -1.6653346e-17}
  m_LocalScale: {x: 1, y: 1, z: 1}
  m_Children:
  - {fileID: 421952}
  - {fileID: 421950}
  m_Father: {fileID: 421956}
  m_RootOrder: 0
--- !u!4 &421956
Transform:
  m_ObjectHideFlags: 1
  m_PrefabParentObject: {fileID: 0}
  m_PrefabInternal: {fileID: 100100000}
  m_GameObject: {fileID: 121958}
  m_LocalRotation: {x: .023672387, y: -.0194919184, z: -.293459415, w: .955479622}
  m_LocalPosition: {x: -.339820087, y: -1.33226768e-16, z: 4.16333651e-18}
  m_LocalScale: {x: 1, y: 1, z: 1}
  m_Children:
  - {fileID: 421954}
  m_Father: {fileID: 421958}
  m_RootOrder: 0
--- !u!4 &421958
Transform:
  m_ObjectHideFlags: 1
  m_PrefabParentObject: {fileID: 0}
  m_PrefabInternal: {fileID: 100100000}
  m_GameObject: {fileID: 121960}
  m_LocalRotation: {x: -.00903630722, y: -.0293572787, z: -.556569219, w: .830233216}
  m_LocalPosition: {x: -6.66133841e-17, y: -5.82867128e-17, z: 0}
  m_LocalScale: {x: 1, y: 1, z: 1}
  m_Children:
  - {fileID: 421956}
  m_Father: {fileID: 422040}
  m_RootOrder: 0
--- !u!4 &421960
Transform:
  m_ObjectHideFlags: 1
  m_PrefabParentObject: {fileID: 0}
  m_PrefabInternal: {fileID: 100100000}
  m_GameObject: {fileID: 121964}
  m_LocalRotation: {x: 0, y: -0, z: -0, w: 1}
  m_LocalPosition: {x: -.412514597, y: 3.41802231e-09, z: -2.66453536e-16}
  m_LocalScale: {x: 1, y: 1, z: 1}
  m_Children: []
  m_Father: {fileID: 421962}
  m_RootOrder: 0
--- !u!4 &421962
Transform:
  m_ObjectHideFlags: 1
  m_PrefabParentObject: {fileID: 0}
  m_PrefabInternal: {fileID: 100100000}
  m_GameObject: {fileID: 121966}
  m_LocalRotation: {x: -8.67361821e-18, y: 6.07153283e-17, z: .617721319, w: .786397159}
  m_LocalPosition: {x: -0, y: 3.33066921e-17, z: 0}
  m_LocalScale: {x: 1, y: 1, z: 1}
  m_Children:
  - {fileID: 421960}
  m_Father: {fileID: 421964}
  m_RootOrder: 0
--- !u!4 &421964
Transform:
  m_ObjectHideFlags: 1
  m_PrefabParentObject: {fileID: 0}
  m_PrefabInternal: {fileID: 100100000}
  m_GameObject: {fileID: 121968}
  m_LocalRotation: {x: -1.73472348e-18, y: -1.62630326e-18, z: -.358485401, w: .933535337}
  m_LocalPosition: {x: -.59341073, y: .00829812512, z: 0}
  m_LocalScale: {x: 1, y: 1, z: 1}
  m_Children:
  - {fileID: 421962}
  m_Father: {fileID: 421968}
  m_RootOrder: 1
--- !u!4 &421966
Transform:
  m_ObjectHideFlags: 1
  m_PrefabParentObject: {fileID: 0}
  m_PrefabInternal: {fileID: 100100000}
  m_GameObject: {fileID: 121970}
  m_LocalRotation: {x: 0, y: -0, z: -0, w: 1}
  m_LocalPosition: {x: -.540000021, y: -3.1695091e-08, z: 1.18883525e-08}
  m_LocalScale: {x: 1, y: 1, z: 1}
  m_Children: []
  m_Father: {fileID: 421968}
  m_RootOrder: 0
--- !u!4 &421968
Transform:
  m_ObjectHideFlags: 1
  m_PrefabParentObject: {fileID: 0}
  m_PrefabInternal: {fileID: 100100000}
  m_GameObject: {fileID: 121972}
  m_LocalRotation: {x: 1.38777878e-16, y: 2.77555756e-17, z: .66798085, w: .744178474}
  m_LocalPosition: {x: -.900000036, y: -6.66133841e-17, z: 0}
  m_LocalScale: {x: 1, y: 1, z: 1}
  m_Children:
  - {fileID: 421966}
  - {fileID: 421964}
  m_Father: {fileID: 421970}
  m_RootOrder: 0
--- !u!4 &421970
Transform:
  m_ObjectHideFlags: 1
  m_PrefabParentObject: {fileID: 0}
  m_PrefabInternal: {fileID: 100100000}
  m_GameObject: {fileID: 121974}
  m_LocalRotation: {x: .0119576259, y: .240064889, z: -.37658444, w: .89465636}
  m_LocalPosition: {x: -0, y: -8.32667302e-18, z: 0}
  m_LocalScale: {x: 1, y: 1, z: 1}
  m_Children:
  - {fileID: 421968}
  m_Father: {fileID: 422042}
  m_RootOrder: 0
--- !u!4 &421972
Transform:
  m_ObjectHideFlags: 1
  m_PrefabParentObject: {fileID: 0}
  m_PrefabInternal: {fileID: 100100000}
  m_GameObject: {fileID: 121978}
  m_LocalRotation: {x: 0, y: -0, z: -0, w: 1}
  m_LocalPosition: {x: -.714727283, y: 1.84268867e-08, z: -2.40786532e-16}
  m_LocalScale: {x: 1, y: 1, z: 1}
  m_Children: []
  m_Father: {fileID: 421974}
  m_RootOrder: 0
--- !u!4 &421974
Transform:
  m_ObjectHideFlags: 1
  m_PrefabParentObject: {fileID: 0}
  m_PrefabInternal: {fileID: 100100000}
  m_GameObject: {fileID: 121980}
  m_LocalRotation: {x: 6.34908792e-16, y: -1.02869102e-15, z: .279417008, w: .960169852}
  m_LocalPosition: {x: -.452163905, y: -1.16573426e-16, z: 2.36658281e-31}
  m_LocalScale: {x: 1, y: 1, z: 1}
  m_Children:
  - {fileID: 421972}
  m_Father: {fileID: 421976}
  m_RootOrder: 0
--- !u!4 &421976
Transform:
  m_ObjectHideFlags: 1
  m_PrefabParentObject: {fileID: 0}
  m_PrefabInternal: {fileID: 100100000}
  m_GameObject: {fileID: 121982}
  m_LocalRotation: {x: 6.07153217e-18, y: 7.81520031e-16, z: .061524298, w: .998105586}
  m_LocalPosition: {x: -0, y: 4.16333634e-17, z: 0}
  m_LocalScale: {x: 1, y: 1, z: 1}
  m_Children:
  - {fileID: 421974}
  m_Father: {fileID: 422026}
  m_RootOrder: 0
--- !u!4 &421978
Transform:
  m_ObjectHideFlags: 1
  m_PrefabParentObject: {fileID: 0}
  m_PrefabInternal: {fileID: 100100000}
  m_GameObject: {fileID: 121986}
  m_LocalRotation: {x: 0, y: -0, z: -0, w: 1}
  m_LocalPosition: {x: -.412514597, y: -1.75030124e-08, z: -3.33066907e-16}
  m_LocalScale: {x: 1, y: 1, z: 1}
  m_Children: []
  m_Father: {fileID: 421980}
  m_RootOrder: 0
--- !u!4 &421980
Transform:
  m_ObjectHideFlags: 1
  m_PrefabParentObject: {fileID: 0}
  m_PrefabInternal: {fileID: 100100000}
  m_GameObject: {fileID: 121988}
  m_LocalRotation: {x: -3.33066907e-16, y: 1.07299081e-26, z: .563683867, w: .825990617}
  m_LocalPosition: {x: -1.99840152e-16, y: 3.33066921e-17, z: 0}
  m_LocalScale: {x: 1, y: 1, z: 1}
  m_Children:
  - {fileID: 421978}
  m_Father: {fileID: 421982}
  m_RootOrder: 0
--- !u!4 &421982
Transform:
  m_ObjectHideFlags: 1
  m_PrefabParentObject: {fileID: 0}
  m_PrefabInternal: {fileID: 100100000}
  m_GameObject: {fileID: 121990}
  m_LocalRotation: {x: 1.73472348e-18, y: 1.62630326e-18, z: -.358485401, w: .933535337}
  m_LocalPosition: {x: -.59341073, y: .00829812512, z: 0}
  m_LocalScale: {x: 1, y: 1, z: 1}
  m_Children:
  - {fileID: 421980}
  m_Father: {fileID: 421986}
  m_RootOrder: 1
--- !u!4 &421984
Transform:
  m_ObjectHideFlags: 1
  m_PrefabParentObject: {fileID: 0}
  m_PrefabInternal: {fileID: 100100000}
  m_GameObject: {fileID: 121992}
  m_LocalRotation: {x: 0, y: -0, z: -0, w: 1}
  m_LocalPosition: {x: -.540000021, y: -3.11633663e-10, z: 4.25241042e-09}
  m_LocalScale: {x: 1, y: 1, z: 1}
  m_Children: []
  m_Father: {fileID: 421986}
  m_RootOrder: 0
--- !u!4 &421986
Transform:
  m_ObjectHideFlags: 1
  m_PrefabParentObject: {fileID: 0}
  m_PrefabInternal: {fileID: 100100000}
  m_GameObject: {fileID: 121994}
  m_LocalRotation: {x: -9.71445147e-17, y: -7.97972799e-17, z: .673189819, w: .739469767}
  m_LocalPosition: {x: -1.05000007, y: -2.33146851e-16, z: 1.33226768e-16}
  m_LocalScale: {x: 1, y: 1, z: 1}
  m_Children:
  - {fileID: 421984}
  - {fileID: 421982}
  m_Father: {fileID: 421988}
  m_RootOrder: 0
--- !u!4 &421988
Transform:
  m_ObjectHideFlags: 1
  m_PrefabParentObject: {fileID: 0}
  m_PrefabInternal: {fileID: 100100000}
  m_GameObject: {fileID: 121996}
  m_LocalRotation: {x: .0044727521, y: -.041471865, z: -.411505878, w: .910452068}
  m_LocalPosition: {x: -3.33066921e-17, y: 9.36750694e-18, z: 0}
  m_LocalScale: {x: 1, y: 1, z: 1}
  m_Children:
  - {fileID: 421986}
  m_Father: {fileID: 422028}
  m_RootOrder: 0
--- !u!4 &421990
Transform:
  m_ObjectHideFlags: 1
  m_PrefabParentObject: {fileID: 0}
  m_PrefabInternal: {fileID: 100100000}
  m_GameObject: {fileID: 122000}
  m_LocalRotation: {x: 0, y: -0, z: -0, w: 1}
  m_LocalPosition: {x: -.412514567, y: -2.11464855e-08, z: 6.66133841e-17}
  m_LocalScale: {x: 1, y: 1, z: 1}
  m_Children: []
  m_Father: {fileID: 421992}
  m_RootOrder: 0
--- !u!4 &421992
Transform:
  m_ObjectHideFlags: 1
  m_PrefabParentObject: {fileID: 0}
  m_PrefabInternal: {fileID: 100100000}
  m_GameObject: {fileID: 122002}
  m_LocalRotation: {x: 9.10729825e-17, y: 2.68882139e-17, z: .647106349, w: .762399733}
  m_LocalPosition: {x: 6.66133841e-17, y: -1.6653346e-17, z: 0}
  m_LocalScale: {x: 1, y: 1, z: 1}
  m_Children:
  - {fileID: 421990}
  m_Father: {fileID: 421994}
  m_RootOrder: 0
--- !u!4 &421994
Transform:
  m_ObjectHideFlags: 1
  m_PrefabParentObject: {fileID: 0}
  m_PrefabInternal: {fileID: 100100000}
  m_GameObject: {fileID: 122004}
  m_LocalRotation: {x: 1.73472348e-18, y: 1.62630326e-18, z: -.358485401, w: .933535337}
  m_LocalPosition: {x: -.59341073, y: .00829812512, z: 0}
  m_LocalScale: {x: 1, y: 1, z: 1}
  m_Children:
  - {fileID: 421992}
  m_Father: {fileID: 421998}
  m_RootOrder: 1
--- !u!4 &421996
Transform:
  m_ObjectHideFlags: 1
  m_PrefabParentObject: {fileID: 0}
  m_PrefabInternal: {fileID: 100100000}
  m_GameObject: {fileID: 122006}
  m_LocalRotation: {x: 0, y: -0, z: -0, w: 1}
  m_LocalPosition: {x: -.540000021, y: -2.69909446e-08, z: -2.27349428e-09}
  m_LocalScale: {x: 1, y: 1, z: 1}
  m_Children: []
  m_Father: {fileID: 421998}
  m_RootOrder: 0
--- !u!4 &421998
Transform:
  m_ObjectHideFlags: 1
  m_PrefabParentObject: {fileID: 0}
  m_PrefabInternal: {fileID: 100100000}
  m_GameObject: {fileID: 122008}
  m_LocalRotation: {x: 1.04083409e-17, y: 1.04083409e-17, z: .629316926, w: .777148783}
  m_LocalPosition: {x: -.996089637, y: 5.82867128e-17, z: 3.33066921e-17}
  m_LocalScale: {x: 1, y: 1, z: 1}
  m_Children:
  - {fileID: 421996}
  - {fileID: 421994}
  m_Father: {fileID: 422000}
  m_RootOrder: 0
--- !u!4 &422000
Transform:
  m_ObjectHideFlags: 1
  m_PrefabParentObject: {fileID: 0}
  m_PrefabInternal: {fileID: 100100000}
  m_GameObject: {fileID: 122010}
  m_LocalRotation: {x: -.0313732438, y: .138954341, z: -.215243906, w: .96611464}
  m_LocalPosition: {x: -1.74339713e-17, y: -6.50521303e-19, z: 0}
  m_LocalScale: {x: 1, y: 1, z: 1}
  m_Children:
  - {fileID: 421998}
  m_Father: {fileID: 422030}
  m_RootOrder: 0
--- !u!4 &422002
Transform:
  m_ObjectHideFlags: 1
  m_PrefabParentObject: {fileID: 0}
  m_PrefabInternal: {fileID: 100100000}
  m_GameObject: {fileID: 122014}
  m_LocalRotation: {x: 0, y: -0, z: -0, w: 1}
  m_LocalPosition: {x: -.412514567, y: -1.55287054e-08, z: 6.66133841e-17}
  m_LocalScale: {x: 1, y: 1, z: 1}
  m_Children: []
  m_Father: {fileID: 422004}
  m_RootOrder: 0
--- !u!4 &422004
Transform:
  m_ObjectHideFlags: 1
  m_PrefabParentObject: {fileID: 0}
  m_PrefabInternal: {fileID: 100100000}
  m_GameObject: {fileID: 122016}
  m_LocalRotation: {x: -2.77555756e-17, y: 2.42861287e-17, z: .606515408, w: .795071721}
  m_LocalPosition: {x: -0, y: 9.57567372e-17, z: 0}
  m_LocalScale: {x: 1, y: 1, z: 1}
  m_Children:
  - {fileID: 422002}
  m_Father: {fileID: 422006}
  m_RootOrder: 0
--- !u!4 &422006
Transform:
  m_ObjectHideFlags: 1
  m_PrefabParentObject: {fileID: 0}
  m_PrefabInternal: {fileID: 100100000}
  m_GameObject: {fileID: 122018}
  m_LocalRotation: {x: -1.73472348e-18, y: -1.62630326e-18, z: -.358485401, w: .933535337}
  m_LocalPosition: {x: -.59341073, y: .00829812512, z: 0}
  m_LocalScale: {x: 1, y: 1, z: 1}
  m_Children:
  - {fileID: 422004}
  m_Father: {fileID: 422010}
  m_RootOrder: 1
--- !u!4 &422008
Transform:
  m_ObjectHideFlags: 1
  m_PrefabParentObject: {fileID: 0}
  m_PrefabInternal: {fileID: 100100000}
  m_GameObject: {fileID: 122020}
  m_LocalRotation: {x: 0, y: -0, z: -0, w: 1}
  m_LocalPosition: {x: -.540000021, y: 1.7393738e-08, z: -1.10248735e-08}
  m_LocalScale: {x: 1, y: 1, z: 1}
  m_Children: []
  m_Father: {fileID: 422010}
  m_RootOrder: 0
--- !u!4 &422010
Transform:
  m_ObjectHideFlags: 1
  m_PrefabParentObject: {fileID: 0}
  m_PrefabInternal: {fileID: 100100000}
  m_GameObject: {fileID: 122022}
  m_LocalRotation: {x: 3.46944695e-18, y: 9.36750677e-17, z: .634899139, w: .772595048}
  m_LocalPosition: {x: -1.05000007, y: 2.16493495e-16, z: 0}
  m_LocalScale: {x: 1, y: 1, z: 1}
  m_Children:
  - {fileID: 422008}
  - {fileID: 422006}
  m_Father: {fileID: 422012}
  m_RootOrder: 0
--- !u!4 &422012
Transform:
  m_ObjectHideFlags: 1
  m_PrefabParentObject: {fileID: 0}
  m_PrefabInternal: {fileID: 100100000}
  m_GameObject: {fileID: 122024}
  m_LocalRotation: {x: .00461943354, y: .063045457, z: -.202383608, w: .977263927}
  m_LocalPosition: {x: -3.33066921e-17, y: -6.24500476e-18, z: 0}
  m_LocalScale: {x: 1, y: 1, z: 1}
  m_Children:
  - {fileID: 422010}
  m_Father: {fileID: 422032}
  m_RootOrder: 0
--- !u!4 &422014
Transform:
  m_ObjectHideFlags: 1
  m_PrefabParentObject: {fileID: 0}
  m_PrefabInternal: {fileID: 100100000}
  m_GameObject: {fileID: 122028}
  m_LocalRotation: {x: 0, y: -0, z: -0, w: 1}
  m_LocalPosition: {x: -.412514567, y: -2.11464855e-08, z: 1.33226768e-16}
  m_LocalScale: {x: 1, y: 1, z: 1}
  m_Children: []
  m_Father: {fileID: 422016}
  m_RootOrder: 0
--- !u!4 &422016
Transform:
  m_ObjectHideFlags: 1
  m_PrefabParentObject: {fileID: 0}
  m_PrefabInternal: {fileID: 100100000}
  m_GameObject: {fileID: 122030}
  m_LocalRotation: {x: 1.86482774e-17, y: -7.80625564e-18, z: .647106349, w: .762399733}
  m_LocalPosition: {x: 9.99200762e-17, y: -2.60208538e-17, z: 0}
  m_LocalScale: {x: 1, y: 1, z: 1}
  m_Children:
  - {fileID: 422014}
  m_Father: {fileID: 422018}
  m_RootOrder: 0
--- !u!4 &422018
Transform:
  m_ObjectHideFlags: 1
  m_PrefabParentObject: {fileID: 0}
  m_PrefabInternal: {fileID: 100100000}
  m_GameObject: {fileID: 122032}
  m_LocalRotation: {x: -1.73472348e-18, y: -1.62630326e-18, z: -.358485401, w: .933535337}
  m_LocalPosition: {x: -.59341073, y: .00829812512, z: 0}
  m_LocalScale: {x: 1, y: 1, z: 1}
  m_Children:
  - {fileID: 422016}
  m_Father: {fileID: 422022}
  m_RootOrder: 1
--- !u!4 &422020
Transform:
  m_ObjectHideFlags: 1
  m_PrefabParentObject: {fileID: 0}
  m_PrefabInternal: {fileID: 100100000}
  m_GameObject: {fileID: 122034}
  m_LocalRotation: {x: 0, y: -0, z: -0, w: 1}
  m_LocalPosition: {x: -.540000021, y: -3.35314141e-08, z: 1.03077333e-08}
  m_LocalScale: {x: 1, y: 1, z: 1}
  m_Children: []
  m_Father: {fileID: 422022}
  m_RootOrder: 0
--- !u!4 &422022
Transform:
  m_ObjectHideFlags: 1
  m_PrefabParentObject: {fileID: 0}
  m_PrefabInternal: {fileID: 100100000}
  m_GameObject: {fileID: 122036}
  m_LocalRotation: {x: 3.46944695e-18, y: 2.60208521e-17, z: .629316926, w: .777148783}
  m_LocalPosition: {x: -.996089637, y: 9.57567372e-17, z: 0}
  m_LocalScale: {x: 1, y: 1, z: 1}
  m_Children:
  - {fileID: 422020}
  - {fileID: 422018}
  m_Father: {fileID: 422024}
  m_RootOrder: 0
--- !u!4 &422024
Transform:
  m_ObjectHideFlags: 1
  m_PrefabParentObject: {fileID: 0}
  m_PrefabInternal: {fileID: 100100000}
  m_GameObject: {fileID: 122038}
  m_LocalRotation: {x: -.024703132, y: .0672672987, z: -.351795971, w: .933329821}
  m_LocalPosition: {x: 2.39391843e-17, y: -7.02563041e-18, z: 0}
  m_LocalScale: {x: 1, y: 1, z: 1}
  m_Children:
  - {fileID: 422022}
  m_Father: {fileID: 422034}
  m_RootOrder: 0
--- !u!4 &422026
Transform:
  m_ObjectHideFlags: 1
  m_PrefabParentObject: {fileID: 0}
  m_PrefabInternal: {fileID: 100100000}
  m_GameObject: {fileID: 121984}
  m_LocalRotation: {x: -1.07865114e-14, y: -2.22044631e-16, z: -.0318291448, w: .999493361}
  m_LocalPosition: {x: -.644738078, y: .0881205201, z: -2.58957496e-15}
  m_LocalScale: {x: 1, y: 1, z: 1}
  m_Children:
  - {fileID: 421976}
  m_Father: {fileID: 422044}
  m_RootOrder: 5
--- !u!4 &422028
Transform:
  m_ObjectHideFlags: 1
  m_PrefabParentObject: {fileID: 0}
  m_PrefabInternal: {fileID: 100100000}
  m_GameObject: {fileID: 121998}
  m_LocalRotation: {x: -.0168211311, y: -.528214335, z: -.0270211753, w: .848514378}
  m_LocalPosition: {x: -.740780175, y: -.191844493, z: -.372367471}
  m_LocalScale: {x: 1, y: 1, z: 1}
  m_Children:
  - {fileID: 421988}
  m_Father: {fileID: 422044}
  m_RootOrder: 4
--- !u!4 &422030
Transform:
  m_ObjectHideFlags: 1
  m_PrefabParentObject: {fileID: 0}
  m_PrefabInternal: {fileID: 100100000}
  m_GameObject: {fileID: 122012}
  m_LocalRotation: {x: -.022939926, y: -.72035569, z: -.0220647678, w: .692874134}
  m_LocalPosition: {x: -.199844822, y: -.226331934, z: -.428685188}
  m_LocalScale: {x: 1, y: 1, z: 1}
  m_Children:
  - {fileID: 422000}
  m_Father: {fileID: 422044}
  m_RootOrder: 3
--- !u!4 &422032
Transform:
  m_ObjectHideFlags: 1
  m_PrefabParentObject: {fileID: 0}
  m_PrefabInternal: {fileID: 100100000}
  m_GameObject: {fileID: 122026}
  m_LocalRotation: {x: .0168211311, y: .528214335, z: -.0270211753, w: .848514378}
  m_LocalPosition: {x: -.740780175, y: -.191844493, z: .372367471}
  m_LocalScale: {x: 1, y: 1, z: 1}
  m_Children:
  - {fileID: 422012}
  m_Father: {fileID: 422044}
  m_RootOrder: 2
--- !u!4 &422034
Transform:
  m_ObjectHideFlags: 1
  m_PrefabParentObject: {fileID: 0}
  m_PrefabInternal: {fileID: 100100000}
  m_GameObject: {fileID: 122040}
  m_LocalRotation: {x: .022939926, y: .72035569, z: -.0220647678, w: .692874134}
  m_LocalPosition: {x: -.199844822, y: -.226331934, z: .428685188}
  m_LocalScale: {x: 1, y: 1, z: 1}
  m_Children:
  - {fileID: 422024}
  m_Father: {fileID: 422044}
  m_RootOrder: 1
--- !u!4 &422036
Transform:
  m_ObjectHideFlags: 1
  m_PrefabParentObject: {fileID: 0}
  m_PrefabInternal: {fileID: 100100000}
  m_GameObject: {fileID: 122042}
  m_LocalRotation: {x: 0, y: -0, z: -0, w: 1}
  m_LocalPosition: {x: -.567255139, y: 8.12296186e-09, z: 1.66626105e-17}
  m_LocalScale: {x: 1, y: 1, z: 1}
  m_Children: []
  m_Father: {fileID: 422044}
  m_RootOrder: 0
--- !u!4 &422038
Transform:
  m_ObjectHideFlags: 1
  m_PrefabParentObject: {fileID: 0}
  m_PrefabInternal: {fileID: 100100000}
  m_GameObject: {fileID: 121946}
  m_LocalRotation: {x: .253893584, y: .817550361, z: .153292596, w: -.493609995}
  m_LocalPosition: {x: -.243438572, y: -.371823996, z: -.272728503}
  m_LocalScale: {x: 1, y: 1, z: 1}
  m_Children:
  - {fileID: 421944}
  m_Father: {fileID: 422046}
  m_RootOrder: 3
--- !u!4 &422040
Transform:
  m_ObjectHideFlags: 1
  m_PrefabParentObject: {fileID: 0}
  m_PrefabInternal: {fileID: 100100000}
  m_GameObject: {fileID: 121962}
  m_LocalRotation: {x: 1.11022302e-16, y: -6.10622664e-16, z: -.296581477, w: .955007553}
  m_LocalPosition: {x: .0294440333, y: .251818359, z: -7.28935627e-18}
  m_LocalScale: {x: 1, y: 1, z: 1}
  m_Children:
  - {fileID: 421958}
  m_Father: {fileID: 422046}
  m_RootOrder: 2
--- !u!4 &422042
Transform:
  m_ObjectHideFlags: 1
  m_PrefabParentObject: {fileID: 0}
  m_PrefabInternal: {fileID: 100100000}
  m_GameObject: {fileID: 121976}
  m_LocalRotation: {x: .253893584, y: .817550361, z: -.153292596, w: .493609995}
  m_LocalPosition: {x: -.243438572, y: -.371823996, z: .272728503}
  m_LocalScale: {x: 1, y: 1, z: 1}
  m_Children:
  - {fileID: 421970}
  m_Father: {fileID: 422046}
  m_RootOrder: 1
--- !u!4 &422044
Transform:
  m_ObjectHideFlags: 1
  m_PrefabParentObject: {fileID: 0}
  m_PrefabInternal: {fileID: 100100000}
  m_GameObject: {fileID: 122044}
  m_LocalRotation: {x: 1.0658141e-14, y: -3.02015357e-15, z: -.221059516, w: .975260317}
  m_LocalPosition: {x: -.363167763, y: 0, z: 0}
  m_LocalScale: {x: 1, y: 1, z: 1}
  m_Children:
  - {fileID: 422036}
  - {fileID: 422034}
  - {fileID: 422032}
  - {fileID: 422030}
  - {fileID: 422028}
  - {fileID: 422026}
  m_Father: {fileID: 422046}
  m_RootOrder: 0
--- !u!4 &422046
Transform:
  m_ObjectHideFlags: 1
  m_PrefabParentObject: {fileID: 0}
  m_PrefabInternal: {fileID: 100100000}
  m_GameObject: {fileID: 122046}
  m_LocalRotation: {x: -8.32667268e-17, y: 6.66133815e-16, z: .247185901, w: .968968093}
  m_LocalPosition: {x: -0, y: 0, z: 0}
  m_LocalScale: {x: 1, y: 1, z: 1}
  m_Children:
  - {fileID: 422044}
  - {fileID: 422042}
  - {fileID: 422040}
  - {fileID: 422038}
  m_Father: {fileID: 422048}
  m_RootOrder: 0
--- !u!4 &422048
Transform:
  m_ObjectHideFlags: 1
  m_PrefabParentObject: {fileID: 0}
  m_PrefabInternal: {fileID: 100100000}
  m_GameObject: {fileID: 122048}
  m_LocalRotation: {x: -0, y: -.707106829, z: 0, w: .707106829}
  m_LocalPosition: {x: 4.9839508e-17, y: .944145322, z: .539438903}
  m_LocalScale: {x: 1, y: 1, z: 1}
  m_Children:
  - {fileID: 422046}
  m_Father: {fileID: 422052}
  m_RootOrder: 0
--- !u!4 &422050
Transform:
  m_ObjectHideFlags: 1
  m_PrefabParentObject: {fileID: 0}
  m_PrefabInternal: {fileID: 100100000}
  m_GameObject: {fileID: 122050}
  m_LocalRotation: {x: 0, y: -0, z: -0, w: 1}
  m_LocalPosition: {x: 4.9839508e-17, y: 2.13386011, z: .813967764}
  m_LocalScale: {x: 1, y: 1, z: 1}
  m_Children: []
  m_Father: {fileID: 422054}
  m_RootOrder: 1
--- !u!4 &422052
Transform:
  m_ObjectHideFlags: 1
  m_PrefabParentObject: {fileID: 0}
  m_PrefabInternal: {fileID: 100100000}
  m_GameObject: {fileID: 122052}
  m_LocalRotation: {x: 0, y: -0, z: -0, w: 1}
  m_LocalPosition: {x: -0, y: 0, z: 0}
  m_LocalScale: {x: 1, y: 1, z: 1}
  m_Children:
  - {fileID: 422048}
  m_Father: {fileID: 422054}
  m_RootOrder: 0
--- !u!4 &422054
Transform:
  m_ObjectHideFlags: 1
  m_PrefabParentObject: {fileID: 0}
  m_PrefabInternal: {fileID: 100100000}
  m_GameObject: {fileID: 122054}
  m_LocalRotation: {x: 0, y: -0, z: -0, w: 1}
  m_LocalPosition: {x: -5.5999999, y: 21.0699997, z: -322.809998}
  m_LocalScale: {x: 1.79676187, y: 1.79676306, z: 1.79676306}
  m_Children:
  - {fileID: 422052}
  - {fileID: 422050}
  m_Father: {fileID: 0}
  m_RootOrder: 0
--- !u!111 &11121934
Animation:
  m_ObjectHideFlags: 1
  m_PrefabParentObject: {fileID: 0}
  m_PrefabInternal: {fileID: 100100000}
  m_GameObject: {fileID: 122054}
  m_Enabled: 1
  serializedVersion: 3
  m_Animation: {fileID: 7400000, guid: bfeda64184da26b479effef1188c76f1, type: 3}
  m_Animations:
  - {fileID: 7400000, guid: bfeda64184da26b479effef1188c76f1, type: 3}
  - {fileID: 7400002, guid: bfeda64184da26b479effef1188c76f1, type: 3}
  - {fileID: 7400004, guid: bfeda64184da26b479effef1188c76f1, type: 3}
  - {fileID: 7400006, guid: bfeda64184da26b479effef1188c76f1, type: 3}
  m_WrapMode: 0
  m_PlayAutomatically: 1
  m_AnimatePhysics: 0
  m_CullingType: 1
--- !u!114 &11498992
MonoBehaviour:
  m_ObjectHideFlags: 1
  m_PrefabParentObject: {fileID: 0}
  m_PrefabInternal: {fileID: 100100000}
  m_GameObject: {fileID: 122054}
  m_Enabled: 1
  m_EditorHideFlags: 0
  m_Script: {fileID: 11500000, guid: 712034b669f319d4da61a2a86ce3c513, type: 3}
  m_Name: 
  m_EditorClassIdentifier: 
  Name: Sand Worm
  Health: 100
  MaxHealth: 100
  Damage: 20
  DmgType: 0
  Range: 30
  Target: {fileID: 0}
  ProjectilePrefab: {fileID: 11457806, guid: 466a7b24d6143ba4bb5f7ecb15536805, type: 2}
  AttackSpeed: 1.5
  Height: 10
  tileType: 3
  BuildPrice: 15
  BuyPrice: 50
  Level: 1
  Unlocked: 0
  CanBePlacedOnNormalTile: 1
  UpgradePrefab: {fileID: 11410784, guid: 06fa66119bbff5946be84241022ccd6d, type: 2}
--- !u!137 &13721934
SkinnedMeshRenderer:
  m_ObjectHideFlags: 1
  m_PrefabParentObject: {fileID: 0}
  m_PrefabInternal: {fileID: 100100000}
  m_GameObject: {fileID: 122050}
  m_Enabled: 1
  m_CastShadows: 1
  m_ReceiveShadows: 1
  m_LightmapIndex: 255
  m_LightmapTilingOffset: {x: 1, y: 1, z: 0, w: 0}
  m_Materials:
  - {fileID: -227950314, guid: 72dfe8b6245e9e248894ac8809582773, type: 3}
  m_SubsetIndices: 
  m_StaticBatchRoot: {fileID: 0}
  m_UseLightProbes: 0
  m_LightProbeAnchor: {fileID: 0}
  m_ScaleInLightmap: 1
  m_SortingLayerID: 0
  m_SortingOrder: 0
  serializedVersion: 2
  m_Quality: 0
  m_UpdateWhenOffscreen: 0
  m_Mesh: {fileID: 4300000, guid: bfeda64184da26b479effef1188c76f1, type: 3}
  m_Bones:
  - {fileID: 421944}
  - {fileID: 421970}
  - {fileID: 421968}
  - {fileID: 422024}
  - {fileID: 422022}
  - {fileID: 422012}
  - {fileID: 422010}
  - {fileID: 421942}
  - {fileID: 421936}
  - {fileID: 421992}
  - {fileID: 421998}
  - {fileID: 422000}
  - {fileID: 421962}
  - {fileID: 422016}
  - {fileID: 422004}
  - {fileID: 421980}
  - {fileID: 421986}
  - {fileID: 421988}
  - {fileID: 422046}
  - {fileID: 422044}
  - {fileID: 421976}
  - {fileID: 421974}
  - {fileID: 421958}
  - {fileID: 421956}
  - {fileID: 421954}
  - {fileID: 421948}
  m_BlendShapeWeights: []
  m_RootBone: {fileID: 422046}
  m_AABB:
    m_Center: {x: -.586667538, y: -.0201289654, z: -.0879938602}
    m_Extent: {x: 2.17527962, y: 1.8143084, z: 2.19309998}
  m_DirtyAABB: 0
--- !u!1001 &100100000
Prefab:
  m_ObjectHideFlags: 1
  serializedVersion: 2
  m_Modification:
    m_TransformParent: {fileID: 0}
    m_Modifications: []
    m_RemovedComponents: []
  m_ParentPrefab: {fileID: 0}
  m_RootGameObject: {fileID: 122054}
  m_IsPrefabParent: 1
  m_IsExploded: 1
